4356 5300
239 559 312 626 illuc
334 557 505 642 tendebat,
529 561 606 646 quin
629 560 725 624 etiam
747 559 779 622 in
803 557 916 622 urbem
937 557 1099 622 rediturus
1121 565 1200 638 erat,
1222 557 1280 620 sed
1302 557 1502 643 gravissimis
1524 554 1564 620 de
1588 556 1728 620 Antonio
1751 556 1871 621 nuntiis

239 677 342 742 allatis
365 698 403 742 eo
425 699 552 764 quoque
581 678 746 764 proposito
774 698 930 742 excussus
953 688 1011 740 cst.
1055 675 1165 755 Quare
1189 677 1258 761 jam
1288 674 1331 742 ad
1352 675 1413 738 iter
1441 675 1474 738 in
1497 673 1665 739 Graeciam
1689 673 1871 739 faciendum

241 798 364 883 majore
386 817 422 860 se
444 795 549 860 studio
572 796 722 860 accinxit.
759 796 865 876 Quum
888 805 994 860 autem
1018 795 1241 859 Brundusiuus
1256 803 1366 880 portus
1388 794 1534 879 spiratis
1549 792 1763 876 infestaretur,
1784 792 1871 860 aliud

241 917 303 981 iter
325 917 492 1001 ingressus
515 925 571 978 est.
615 914 810 1006 Pomchano
834 915 917 978 enim
941 913 1075 998 praedio
1098 912 1209 977 relicto
1232 933 1347 976 navem
1363 912 1549 977 conscendit
1569 913 1717 999 felicique
1739 915 1871 1001 naviga·

242 1035 327 1099 hone
345 1032 500 1098 Kalendis
515 1031 692 1098 Sextilibus
709 1035 887 1119 Syracusas
910 1032 1066 1118 pervenit,
1089 1031 1174 1096 undo
1197 1031 1395 1096 transmissio
1419 1032 1451 1093 in
1475 1029 1645 1096 Graeciam
1668 1029 1870 1098 laudabatur.

242 1153 307 1218 Sed
331 1174 371 1216 ea
398 1153 503 1216 minus
525 1151 659 1216 feliciter
680 1153 785 1216 cessit.
829 1150 912 1214 Nam
935 1172 1031 1236 quum
1059 1171 1079 1212 a
1108 1150 1311 1236 Leucopetra
1335 1151 1552 1234 promontorio
1582 1172 1697 1214 nauem
1720 1172 1870 1216 conscen-

242 1271 360 1356 disset,
383 1293 447 1334 non
470 1271 515 1334 ita
544 1269 676 1334 multum
707 1279 877 1355 provectus
912 1281 1021 1332 austro
1043 1270 1075 1332 iu
1098 1291 1170 1332 oum
1193 1269 1295 1354 ipsum
1319 1266 1431 1348 locum,
1454 1267 1539 1332 undo
1561 1269 1802 1352 conscenderat,
1823 1291 1871 1334 re·

236 1391 342 1477 jectus
365 1401 424 1454 est.
461 1388 536 1452 Nox
558 1409 655 1474 quum
679 1397 764 1452 esset
785 1389 987 1474 intempesta,
1010 1389 1042 1451 in
1060 1387 1189 1469 Valerii,
1212 1386 1378 1452 familiaris
1393 1388 1451 1468 sui,
1473 1385 1551 1450 villa
1564 1389 1740 1474 permansit
1762 1387 1872 1475 ibique

243 1531 300 1594 per
320 1509 497 1594 municipes
524 1506 689 1592 Rheginos
712 1507 752 1572 de
780 1507 955 1570 novissima
978 1506 1108 1570 Antonii
1140 1505 1304 1586 concione,
1333 1527 1375 1568 ex
1404 1525 1468 1590 qua
1495 1504 1606 1569 melius
1636 1505 1677 1570 de
1706 1503 1872 1592 republica

242 1647 372 1712 sperare
396 1624 515 1706 liceret,
538 1625 655 1690 certior
676 1635 726 1688 est
740 1623 854 1688 tactus.
891 1623 1017 1703 Quibus
1040 1623 1157 1687 auditis
1179 1625 1298 1688 nuntiis
1315 1623 1439 1686 senatui
1454 1623 1610 1688 Kalendis
1625 1624 1871 1710 Septembribus

241 1743 390 1810 babendo
412 1745 568 1808 iuteresse
590 1742 763 1825 constituit,
785 1763 972 1827 summoque
1002 1764 1072 1806 cum
1096 1741 1201 1808 studio
1224 1743 1358 1806 &marn
1388 1741 1557 1807 contendit.
1605 1743 1649 1807 At
1671 1742 1794 1807 Veliam
1817 1743 1871 1808 de·

242 1873 355 1928 vectus
376 1862 512 1926 Brutum
535 1859 626 1944 vidit,
649 1860 714 1946 qui,
736 1881 835 1945 quum
856 1871 924 1924 tuto
948 1862 981 1923 in
1004 1859 1082 1924 urbe
1106 1882 1177 1924 csse
1200 1883 1263 1924 non
1279 1871 1397 1947 posset,
1420 1861 1617 1946 provinciam
1641 1860 1779 1948 petebat.
1817 1861 1871 1928 Ex

242 2003 305 2068 quo
328 2001 523 2067 quamquam
546 1979 748 2065 desperatam
772 1976 968 2064 reipublicae
990 1978 1204 2043 conditionem
1227 1979 1387 2064 cognovit,
1409 1989 1516 2042 tamen
1533 1977 1612 2042 urbe
1628 1978 1743 2044 abesse
1758 1980 1869 2046 noluit.

240 2099 429 2166 Advenerat
464 2097 568 2184 pridie
604 2095 787 2178 Kalendas3
825 2095 883 2160 sed
914 2095 954 2159 de
985 2097 1098 2160 itinere
1128 2117 1223 2182 quum
1254 2094 1434 2181 langueret,
1462 2106 1591 2182 postero
1620 2096 1673 2161 die
1702 2099 1734 2161 in
1758 2109 1870 2164 senatu

241 2216 356 2283 adesse
385 2215 525 2282 nolebat
571 2215 682 2300 ltaque
711 2235 754 2278 ex
776 2215 878 2278 servis
900 2215 994 2294 misit,
1024 2215 1079 2299 qui
1101 2213 1267 2278 absentem
1297 2211 1419 2296 consuli
1441 2227 1618 2278 excusaret.
1664 2215 1783 2280 Verum
1806 2217 1871 2280 An·

242 2338 357 2418 tonius,
379 2337 434 2421 qui
456 2334 498 2399 de
521 2333 672 2399 Caesaris
694 2331 926 2419 supplicatione
949 2330 1046 2396 vellet
1067 2331 1197 2413 reterre,
1220 2333 1268 2396 ira
1290 2333 1465 2396 concitatus
1489 2330 1639 2397 audiente
1662 2345 1775 2399 senatu
1798 2357 1870 2400 cum

244 2454 343 2519 labris
367 2465 537 2518 venturum
560 2473 632 2516 sese
652 2450 820 2536 respondit
842 2449 1009 2516 Ciceronis
1031 2449 1161 2514 domum
1183 2448 1405 2514 disturbatum.
1445 2449 1569 2532 Quibus
1591 2453 1685 2516 ruinis
1707 2452 1872 2519 lacessitus

243 2583 373 2658 postero
397 2571 451 2636 die
474 2569 589 2635 Cicero
613 2571 644 2633 in
662 2581 782 2666 'senatu
804 2569 938 2634 absente
954 2570 1093 2632 Antonio
1109 2570 1285 2634 orationem
1302 2565 1423 2650 habuit,
1446 2589 1527 2654 quiae
1543 2571 1664 2656 primae
1679 2569 1873 2659 philippicae

243 2692 369 2756 nomine
392 2691 486 2756 etiam
510 2699 625 2755 exstat.
670 2688 708 2753 ln
738 2710 778 2752 ea
803 2689 947 2752 oratione
971 2688 1119 2774 exposita
1145 2688 1268 2752 itineris
1297 2688 1330 2750 in
1354 2686 1524 2752 Graeciam
1550 2691 1727 2775 murtatique
1749 2691 1874 2756 consilii

243 2831 340 2874 causa
361 2807 505 2896 pluribus
527 2807 635 2872 verbis
666 2805 707 2870 de
729 2807 846 2893 injuria
868 2805 970 2893 pridie
999 2805 1068 2891 ejus
1091 2804 1155 2870 diei
1177 2803 1239 2868 sibi
1261 2803 1349 2868 illata
1377 2807 1530 2890 queritur,
1553 2819 1584 2870 et
1606 2829 1708 2894 prava
1728 2821 1870 2874 actorum

243 2927 513 2992 caesarianorum
543 2925 734 2990 utendorum
763 2925 887 2988 ratione
916 2923 1091 3008 exagitata,
1126 2931 1295 3009 utrumque
1324 2923 1486 2987 consulem
1516 2923 1671 3009 bortatur,
1702 2927 1742 2992 de
1772 2949 1870 2994 verae

240 3045 362 3132 gloriae
391 3045 446 3108 via
467 3065 508 3108 ne
529 3043 692 3126 recedant,
722 3050 758 3107 ut
787 3041 877 3128 diligi
899 3065 920 3106 u
941 3041 1065 3107 civibus
1087 3044 1153 3107 suis
1175 3041 1285 3106 malint
1308 3063 1402 3127 quam
1426 3044 1534 3126 metui,
1556 3065 1687 3130 remque
1710 3045 1870 3130 publicam

241 3172 279 3228 nt
300 3164 387 3228 omui
408 3164 533 3228 ratione
556 3143 818 3248 complectantur.

369 3281 494 3364 Cicero,
516 3303 599 3367 quae
616 3279 659 3374 ad
674 3279 882 3344 furibundum
899 3279 1031 3342 Antonii
1046 3279 1201 3364 impetum
1217 3277 1425 3364 rejiciendum
1441 3277 1504 3344 dici
1520 3277 1698 3365 oportebat,
1720 3279 1870 3364 ingenue,

240 3401 298 3466 sed
321 3399 446 3466 modico
468 3401 596 3464 fervore
618 3397 820 3464 exhibuerat.
860 3396 925 3462 Sed
948 3399 995 3462 ita
1015 3417 1145 3483 queque
1162 3397 1295 3462 Antonii
1311 3398 1450 3462 animum
1474 3396 1516 3462 ad
1532 3398 1611 3462 iram
1627 3417 1763 3483 pronum
1785 3397 1868 3464 adeo

240 3520 431 3598 irritaverat,
455 3525 488 3582 ut
510 3517 732 3582 adversarium
755 3518 840 3581 omni
863 3515 958 3580 modo
981 3515 1245 3602 supprimendum
1268 3522 1405 3600 putaret.
1442 3515 1620 3579 Inimicitiis
1643 3517 1742 3603 igitur
1763 3521 1870 3584 statim

180 3699 185 3704 .
241 3637 437 3703 denuntiatis
467 3635 656 3700 Ciceronem
692 3656 722 3700 a.
753 3634 784 3700 d.
808 3634 889 3699 Xlll
913 3633 1049 3700 Kalend.
1080 3635 1154 3700 Oet.
1176 3635 1208 3698 in
1231 3642 1343 3700 senatu
1370 3633 1485 3698 adesse
1501 3637 1616 3722 jussit,
1646 3639 1716 3724 ipse
1745 3649 1870 3724 septen·

241 3755 345 3820 domm
374 3754 442 3820 dies
472 3755 505 3819 in
534 3751 703 3818 Tiburtino
720 3753 880 3840 Scipionis
903 3753 1034 3840 praedio
1057 3761 1272 3820 commoratus
1291 3752 1467 3816 orationem
1489 3753 1521 3818 in
1539 3751 1729 3820 Ciceronem
1751 3755 1872 3821 haben·

241 3873 315 3940 dam
343 3872 514 3938 meditatus
544 3880 602 3954 est,
632 3882 665 3938 et
687 3880 722 3937 ut
744 3871 874 3936 meliore
905 3873 1059 3937 orationis
1080 3871 1212 3936 flumine
1234 3877 1388 3952 uteretur,
1416 3890 1476 3955 per
1504 3879 1605 3936 totum
1634 3871 1712 3938 illud
1742 3881 1868 3960 tempus

241 3991 477 4058 declamitando
499 4013 534 4056 se
557 3993 712 4056 exercuit.
756 3991 802 4055 At
823 3991 938 4055 Cicero
961 3989 1013 4054 illo
1037 3988 1090 4052 die
1111 4011 1132 4054 a
1154 3997 1266 4054 senatu
1289 3987 1420 4070 aberat3
1449 3997 1592 4054 retentus
1614 3991 1699 4054 enim
1721 4000 1771 4056 est
1792 3993 1870 4058 ami·

241 4133 351 4178 cerum
381 4110 513 4176 consilio
536 4108 771 4192 arbitrantium,
793 4109 1015 4174 &versarium
1032 4109 1100 4194 jam
1131 4105 1210 4172 nihil
1237 4105 1300 4170 nisi
1321 4125 1412 4170 arnm
1433 4115 1532 4194 atque
1552 4107 1684 4172 eaedem
1708 4117 1870 4196 expetere.

239 4231 377 4296 Frustra
396 4230 497 4315 igitur
516 4227 635 4293 iactum
657 4238 715 4307 est,
736 4237 774 4292 ut
787 4227 947 4293 Antonius
969 4247 1017 4310 eo,
1040 4247 1105 4314 quo
1127 4225 1278 4307 diximus,
1301 4222 1353 4288 die
1375 4225 1504 4311 agmine
1519 4225 1678 4312 quadrato
1699 4230 1733 4292 in
1754 4227 1869 4295 aedem

241 4347 454 4430 Concordiae,
476 4344 532 4410 ubi
555 4353 686 4411 senatos
709 4344 838 4412 babitus
853 4353 912 4428 est,
937 4344 1179 4432 ingrederetur,
1203 4343 1262 4409 sed
1276 4341 1413 4407 liberam
1436 4341 1565 4408 dicendi
1579 4343 1739 4412 licentiam
1756 4356 1870 4414 nactus

241 4467 419 4532 orationem
440 4465 507 4530 irae
528 4463 746 4552 plenissimam
775 4462 897 4531 babuit
942 4461 1056 4529 Cicero
1085 4463 1116 4527 ei
1144 4459 1314 4548 respondit
1342 4459 1485 4528 semnda
1512 4465 1658 4530 oratione
1683 4465 1870 4553 philippica,

240 4606 336 4672 quam
352 4587 517 4671 sciptum,
539 4580 675 4670 perinde
688 4602 729 4648 ac
742 4584 769 4647 ai
789 4579 900 4648 habita
922 4589 1016 4666 esset,
1038 4599 1234 4668 quamquam
1255 4601 1321 4646 non
1344 4589 1403 4662 est,
1425 4579 1525 4646 Attici
1547 4603 1647 4669 opera
1668 4581 1777 4648 edidit
1810 4583 1872 4650 Sat
