4356 5300
1103 349 1226 467 14,

1025 449 1197 470 ΑΛΛΛΛΛΛΛΛ

318 571 528 659 praedivitem
551 571 699 660 puellam,
725 571 898 636 amicorum
921 570 1052 636 consilio
1073 579 1187 655 motus,
1213 583 1340 658 praeter
1368 584 1504 641 aetatem
1536 600 1668 644 uxorem
1698 577 1799 646 duxit
1845 579 1940 663 Quod

317 692 551 757 matrimonium
573 690 678 778 paullo
705 697 788 776 post,
816 711 912 776 quam
944 701 1013 755 erat
1039 692 1160 776 initum,
1189 712 1210 755 a
1238 689 1395 757 Cicerone
1425 693 1612 762 dissolutum
1643 709 1697 764 est.
1749 698 1818 763 Nec
1846 702 1940 766 nimis

317 832 505 898 prosperum
522 811 591 897 jam
613 831 634 874 a
654 809 756 896 primo
779 807 913 874 exordio
936 808 1063 874 videtur
1084 811 1198 892 fuisse3
1223 832 1298 875 nam
1319 811 1421 876 amico
1448 811 1489 877 de
1511 815 1603 880 novis
1625 818 1743 902 nuptiis
1765 817 1939 904 gratulanti

316 928 395 994 nihil
416 928 524 1014 babet,
547 927 632 1016 quod
654 928 857 1016 respoudeat,
880 929 941 994 uisi
962 939 1027 995 tam
1049 931 1164 994 misero
1187 938 1330 1017 tempore
1358 953 1394 1016 se
1415 931 1495 996 nihil
1516 934 1594 996 novi
1622 937 1745 1001 consilii
1773 949 1938 1026 capturum

317 1049 424 1133 inisse,
446 1049 506 1115 nisi
536 1049 569 1112 in
598 1046 704 1114 reditu
732 1047 830 1113 nihilo
860 1047 1007 1114 meliores
1035 1071 1087 1114 res
1116 1049 1317 1130 domesticas,
1347 1072 1442 1136 quam
1469 1050 1709 1138 rempublicam,
1740 1057 1935 1124 offendisset.

318 1167 384 1234 Sed
406 1166 494 1254 quod
516 1176 580 1231 tam
603 1168 665 1232 cito
680 1167 816 1233 societas
831 1168 908 1232 inita
924 1168 1082 1256 disjuncta
1096 1177 1154 1250 ast,
1175 1167 1252 1232 inde
1266 1169 1442 1256 profectum
1458 1191 1528 1235 esse
1544 1170 1679 1256 videtur,
1703 1173 1788 1258 quod
1805 1188 1938 1245 mortem

284 1347 292 1360 ,
316 1286 402 1353 filiae
425 1285 592 1352 Ciceronis
615 1287 707 1352 unice
730 1297 866 1369 amatae,
882 1308 964 1374 quse
979 1308 1088 1352 mense
1103 1287 1219 1352 Martio
1234 1286 1333 1352 filium
1350 1291 1448 1354 enixa
1462 1289 1550 1375 obiit,
1564 1313 1628 1355 non
1644 1313 1693 1376 eo,
1707 1314 1769 1378 quo
1786 1291 1936 1377 debebat,

316 1408 422 1472 animo
444 1405 567 1472 tulerat.
612 1405 694 1471 Nam
722 1427 819 1491 quum
850 1417 943 1492 pater
971 1407 1099 1472 tristitia
1125 1428 1255 1494 prorsus
1284 1406 1470 1495 absumptus
1501 1420 1595 1492 esset,
1624 1431 1710 1475 nova
1738 1423 1838 1498 nupta
1865 1413 1937 1477 visa

317 1537 386 1591 erat
407 1525 532 1592 Tulliae
561 1537 662 1592 morte
691 1525 812 1592 laetari.
864 1525 987 1592 Idcirco
1017 1525 1203 1614 parentibus
1232 1548 1302 1591 eam
1330 1529 1460 1612 remisit,
1490 1530 1559 1617 ipse
1589 1539 1695 1595 autem
1726 1530 1769 1595 ad
1798 1532 1939 1596 Atticum

316 1667 408 1711 suum
432 1645 584 1732 confugit,
607 1654 641 1712 ut
663 1646 767 1710 intimi
788 1647 882 1710 amici
909 1645 1075 1733 amplexus
1105 1645 1246 1711 dolorem
1273 1645 1446 1734 paullisper
1473 1646 1626 1714 levarent
1670 1648 1751 1714 lude
1778 1649 1939 1734 Asturam,

315 1764 370 1830 ubi
401 1766 499 1830 luctui
513 1764 724 1852 indulgeret,
753 1787 824 1830 sese
846 1765 988 1832 contulit.
1032 1765 1138 1847 Quum
1159 1789 1237 1831 vero
1252 1766 1415 1832 hominum
1431 1769 1614 1834 societatem
1635 1768 1769 1855 lugeret,
1784 1768 1938 1835 librorum

316 1883 414 1950 multo
437 1885 533 1956 etiam
555 1883 773 1950 vehementius
795 1884 976 1972 appetebat.
1020 1885 1185 1972 Epistulae
1207 1887 1301 1969 enim,
1324 1908 1407 1972 quae
1422 1887 1608 1952 innumerae
1624 1887 1666 1952 ad
1682 1911 1754 1953 eum
1771 1887 1939 1972 dabantur,

316 2003 548 2069 consolatoriae
570 2003 647 2068 nihil
669 2005 731 2069 uisi
753 2003 895 2070 dolorem
918 2004 1088 2092 augebant
1134 2005 1242 2086 Quare
1265 2028 1361 2092 quum
1387 2027 1491 2092 neque
1515 2005 1652 2092 publica,
1682 2029 1786 2094 neque
1815 2011 1941 2096 privata

317 2125 447 2210 negotia
469 2145 541 2188 eum
563 2125 608 2190 ita
629 2122 785 2188 haberent
805 2123 990 2209 distentum,
1010 2140 1046 2190 ut
1060 2147 1080 2189 a
1094 2146 1238 2190 moerore
1260 2136 1390 2212 possent
1411 2147 1564 2207 avocare;
1590 2123 1631 2189 ad
1654 2129 1770 2209 omnia,
1793 2150 1875 2212 quae
1896 2127 1936 2192 de

316 2243 401 2309 luctu
424 2243 596 2310 minuendo
619 2244 800 2329 conscripta
822 2253 922 2326 erant,
946 2243 1085 2330 legenda
1106 2267 1140 2310 se
1162 2245 1311 2310 accinxit.
1355 2243 1455 2332 Cujus
1483 2244 1628 2310 lectionis
1657 2245 1793 2310 imrctum
1822 2245 1937 2310 librum

318 2361 357 2428 de
381 2361 609 2428 Consolatione
630 2364 826 2452 inscriptum,
850 2368 883 2430 in
906 2387 968 2453 quo
992 2364 1180 2431 Creatorem
1203 2366 1236 2429 in
1258 2365 1369 2452 primis
1390 2375 1517 2430 secutus
1539 2376 1618 2448 erat,
1649 2386 1707 2452 per
1736 2366 1876 2430 Atticum
1907 2365 1940 2430 iu

316 2480 431 2567 vulgus
453 2482 568 2548 emisit.
611 2481 713 2547 Nobis
736 2505 776 2548 ea
798 2483 963 2550 Ciceronis
985 2487 1208 2551 commentatio
1230 2507 1294 2550 non
1317 2496 1366 2549 est
1386 2495 1523 2567 servata,
1546 2505 1737 2571 quamquam
1753 2485 1939 2571 saepissime

317 2602 386 2688 ejus
407 2603 606 2688 grammatici
629 2601 751 2670 faciunt
771 2605 974 2668 mentionem.
1019 2604 1071 2668 Ex
1093 2603 1206 2670 studiis
1227 2605 1324 2690 igitur
1346 2604 1443 2668 animi
1466 2602 1697 2669 relaxationem
1724 2606 1846 2692 petivit,
1875 2625 1939 2691 qua

316 2723 349 2786 in
370 2743 407 2785 re
429 2721 574 2805 eandem,
601 2745 696 2808 quam
727 2721 956 2788 recentioribus
985 2723 1180 2810 temporibus
1209 2746 1286 2810 prae
1310 2724 1423 2788 ceteris
1447 2721 1602 2788 Goethius
1632 2733 1749 2805 noster,
1780 2725 1864 2787 viam
1894 2725 1939 2787 in-

313 2865 443 2929 gressus
470 2855 527 2908 est.
578 2843 674 2924 Quod
695 2867 771 2909 num
797 2825 910 2908 eodem
931 2842 1044 2909 fecerit
1065 2854 1192 2926 eventu,
1214 2855 1273 2927 est,
1296 2841 1383 2930 quod
1404 2842 1598 2909 dubitemus.
1644 2843 1707 2906 Vix
1734 2843 1818 2905 euim
1848 2841 1937 2906 dixe·

317 2961 426 3046 rimus,
450 2983 522 3026 eum
544 2963 651 3027 animo
674 2965 889 3028 concitatioris
911 2963 1012 3028 luctus
1035 2962 1277 3028 sollicitudiuem
1300 2964 1441 3052 ejecisse,
1464 2964 1528 3048 qui,
1553 2974 1588 3027 ut
1609 2963 1803 3049 sempiterna
1824 2960 1940 3027 filiolae

316 3091 401 3146 esset
422 3083 584 3164 memoria,
607 3083 647 3148 de
671 3082 748 3147 fauo
770 3084 809 3147 in·
825 3085 894 3170 ejus
915 3082 1068 3147 honorem
1092 3081 1286 3146 exstruendo
1311 3105 1345 3146 se
1367 3083 1482 3146 misere
1504 3093 1694 3168 extorquere
1718 3105 1782 3146 non
1804 3081 1940 3146 desinat.

316 3202 423 3289 Atque
444 3213 551 3268 tamen
572 3201 649 3267 illud
672 3203 781 3268 fanum
802 3226 867 3268 non
890 3203 1017 3267 videtur
1039 3201 1200 3266 conditum
1230 3223 1313 3284 esse,
1342 3223 1438 3286 quum
1467 3203 1535 3288 ejus
1565 3199 1649 3285 apud
1680 3199 1800 3263 nullum
1832 3221 1936 3287 neque

317 3319 408 3404 illius,
430 3343 534 3408 neque
558 3323 720 3409 sequentis
743 3325 815 3387 aevi
838 3325 1026 3410 scriptorem
1057 3321 1121 3387 ulla
1149 3322 1329 3386 inveniatur
1357 3321 1483 3383 mentio.
1536 3317 1661 3382 Eodum
1691 3329 1846 3405 tempore,
1875 3341 1938 3406 quo

317 3439 431 3506 Cicero
453 3443 508 3523 ita,
531 3454 565 3507 ut
587 3442 681 3506 modo
705 3441 853 3525 diximus,
876 3442 973 3506 luctui
994 3464 1028 3506 se
1051 3439 1150 3506 dabat
1172 3451 1203 3504 et
1217 3439 1259 3504 ab
1283 3439 1368 3504 omui
1382 3439 1511 3526 negotio
1527 3435 1654 3524 publico
1676 3437 1800 3516 aberat,
1817 3438 1939 3505 Caesar

316 3560 433 3626 bellum
456 3562 669 3648 Hispaniense
699 3573 810 3628 contra
838 3562 919 3626 filios
941 3561 1085 3648 Pompeji
1106 3569 1286 3646 susceptum
1308 3558 1350 3622 ad
1378 3557 1474 3622 linem
1497 3558 1702 3645 perduxerat.
1753 3557 1825 3624 Jam
1850 3557 1937 3621 Cice-

314 3681 401 3744 ronis
422 3679 553 3744 vivendi
575 3683 656 3746 ratio
680 3683 712 3745 in
735 3683 841 3745 varias
864 3681 1025 3746 homiuum
1047 3679 1310 3768 reprehensiones
1333 3677 1498 3744 inciderat.
1550 3678 1614 3742 Alii
1645 3680 1729 3741 enim
1759 3679 1843 3762 iique
1873 3699 1938 3740 nou

315 3799 537 3868 centemnendi
559 3801 620 3864 viri
641 3803 744 3886 ipsam
770 3823 840 3865 eam
862 3799 1065 3882 desidiosam,
1087 3822 1181 3886 quarn
1212 3797 1371 3881 dicebaut,
1399 3800 1499 3863 vitam
1529 3795 1762 3882 vituperabant,
1792 3795 1855 3880 alii,
1883 3797 1937 3882 qui

315 3922 408 4010 plura
430 3944 464 3986 se
488 3921 606 3986 vidisse
628 3921 851 4007 gloriarentur,
868 3920 1032 3985 Ciceronis
1054 3919 1086 3982 iu
1103 3917 1276 3983 Caesarem
1299 3919 1494 3983 voluntatem
1511 3913 1730 4000 exagitabant,
1746 3914 1936 3993 dictitantes,

315 4063 379 4106 nou
411 4040 494 4105 filiae
524 4051 626 4104 morte
651 4049 778 4104 tantum
808 4041 837 4104 ei
867 4039 1008 4105 dolorem
1040 4037 1193 4102 inflictum
1226 4060 1307 4119 esse,
1341 4036 1398 4102 sed
1433 4035 1573 4098 victoriis
1608 4033 1820 4116 Caesarianis,
1854 4055 1935 4120 quae

315 4161 504 4242 effecissent,
526 4171 561 4224 ut
576 4160 645 4246 jam
668 4157 829 4224 homiuum
851 4161 1000 4246 vitaeque
1023 4157 1164 4222 urbanae
1189 4181 1260 4222 eum
1283 4157 1435 4224 taederet.
1482 4155 1577 4234 Quod
1593 4166 1663 4219 utut
1678 4166 1756 4237 erat,
1774 4154 1934 4218 hominum

315 4301 478 4346 sermones
501 4277 691 4344 Ciceronem
713 4301 776 4343 nou
799 4278 1043 4364 impediverunt,
1066 4279 1234 4363 quominus
1260 4288 1379 4342 tantam
1410 4276 1500 4342 libris
1530 4273 1707 4340 scribendis
1738 4272 1937 4358 impenderet

315 4421 455 4486 operam,
478 4409 513 4463 ut
540 4397 783 4481 obtrectatores,
813 4408 965 4485 quantum
996 4394 1039 4462 ab
1068 4399 1137 4482 ipso
1168 4395 1377 4480 scribebatur,
1411 4399 1469 4462 vix
1502 4405 1624 4461 tautum
1656 4404 1788 4480 possent
1819 4392 1936 4477 legere.

313 4517 497 4585 Incredibili
519 4520 604 4583 euim
626 4519 789 4584 celeritate
810 4517 882 4584 libri
904 4540 924 4582 a
946 4515 1102 4582 Cicerone
1123 4515 1185 4581 hoc
1206 4528 1347 4603 tempore
1369 4518 1480 4603 scripti
1501 4537 1571 4580 rese
1596 4511 1809 4600 excipiebant.
1854 4511 1936 4576 Nam
1990 4541 1996 4557 ·

315 4663 412 4724 qurum
435 4637 634 4723 adolescens,
656 4650 690 4704 ut
712 4635 839 4702 dicendi
863 4635 1045 4702 facultatem
1068 4647 1209 4723 augeret,
1233 4635 1363 4701 multum
1380 4636 1532 4722 temporis
1546 4630 1805 4720 philosophorum
1823 4629 1934 4696 studiis
