4356 5300
1025 437 1029 446 s
1095 439 1129 450 Λ,
1174 437 1178 448 r

274 554 482 622 contumelias
503 545 661 644 cbujicere
684 555 736 620 isti
757 577 821 619 non
845 554 1001 622 dubitant
1044 555 1111 621 Nos
1133 578 1210 621 vero
1240 579 1344 622 rerum
1367 569 1529 645 gestarum
1551 559 1740 646 dignitatem
1768 583 1832 626 non
1855 583 1897 628 ex

273 697 337 741 uuo
360 685 477 740 eventu
500 673 747 764 dijudicandam,
770 673 828 740 scd
850 697 902 740 res
925 676 1012 762 ipsas
1035 689 1067 740 et
1088 677 1254 741 consilium
1282 699 1345 763 quo
1368 690 1459 743 erant
1482 689 1661 766 susceptae,
1690 689 1723 744 et
1739 681 1896 769 justitiam

271 816 387 860 causae
410 794 562 860 defensae
592 794 711 882 ubique
740 795 944 881 respicienda
973 818 1043 859 esse
1065 796 1257 882 judicamus.
1302 799 1414 884 ltaque
1443 799 1591 885 imposito
1618 798 1713 882 nobis
1735 799 1895 866 scribendi

272 915 375 980 officio
397 916 429 978 in
453 937 501 998 ea,
523 936 587 1002 qua
607 913 799 998 laboramus,
821 915 876 979 otii
900 925 932 979 et
953 914 1106 982 librorum
1129 917 1262 1001 penuria
1284 919 1503 983 constituimus
1526 917 1693 984 Ciceronis
1717 921 1803 986 vitae
1825 943 1897 986 earn

271 1043 405 1124 partem,
435 1055 517 1120 quae
546 1035 630 1100 inter
658 1033 767 1100 turbas
796 1032 870 1100 belli
899 1032 1000 1098 civilis
1031 1047 1103 1098 acta
1130 1049 1187 1118 est,
1218 1047 1425 1122 pertractare.
1470 1037 1542 1119 Quo
1572 1060 1703 1104 munere
1732 1041 1778 1106 ita
1803 1040 1896 1106 nobis

272 1153 436 1240 aptissime
457 1153 658 1242 perfuncturi
679 1154 835 1238 videmur,
857 1165 895 1241 ut
914 1175 1009 1242 quum
1033 1155 1135 1240 primu
1157 1154 1258 1245 ipsam
1281 1157 1381 1222 nostri
1404 1157 1501 1222 vitam
1524 1160 1790 1244 enarraverimus,
1820 1171 1895 1246 tum,
1926 1221 1933 1242 ,

218 1272 222 1288 ’
272 1274 299 1337 si
318 1273 405 1338 locus
427 1283 459 1338 et
474 1275 571 1339 otium
588 1283 745 1360 suppetat,
769 1271 809 1338 de
832 1269 1078 1338 obtrectatorum
1102 1271 1267 1337 Ciceronis
1290 1275 1563 1343 criminationibus
1586 1277 1737 1344 dicamus.
1779 1279 1897 1367 Operis

272 1393 427 1479 propositi
450 1393 531 1458 ratio
561 1392 634 1474 fert,
666 1403 699 1457 ut
722 1393 892 1482 praecipue
920 1391 1070 1480 epistolas
1093 1390 1136 1456 ad
1158 1393 1297 1458 Atticum
1321 1393 1413 1460 datas
1435 1417 1606 1483 sequamur
1634 1408 1666 1464 et
1686 1397 1785 1483 libris,
1815 1422 1894 1487 quos

273 1510 388 1578 Cicero
410 1511 471 1576 hoc
493 1523 633 1598 tempore
657 1509 770 1576 multos
793 1513 929 1598 scripsit,
950 1509 1063 1576 leviter
1082 1523 1203 1576 tantum
1229 1513 1320 1577 raetis
1343 1520 1377 1578 in
1399 1513 1495 1580 rebus
1516 1519 1626 1602 gestis,
1649 1541 1731 1606 quae
1753 1519 1794 1584 ad
1817 1541 1896 1586 rem·

272 1630 433 1720 publicam
454 1631 653 1718 spectabant,
677 1631 877 1718 explicandis
899 1653 1073 1696 versemur.
1118 1632 1252 1718 Agimus
1276 1633 1373 1719 igitur

363 1831 400 1946 Ι.
437 1832 494 1946 de
528 1837 642 1982 ipsa
678 1831 917 1947 Ciceronis
952 1837 1082 1947 inter
1115 1833 1228 1948 belli
1263 1835 1416 1949 civilis
1453 1837 1634 1954 turbas
1668 1843 1789 1956 vita.

397 2027 472 2092 Jam
493 2049 571 2094 vero
602 2028 821 2094 selectorum
852 2029 967 2094 seriem
996 2041 1091 2114 atque
1120 2030 1365 2116 perpetuitatem
1394 2029 1569 2118 turbemus,
1598 2053 1651 2097 res
1680 2033 1775 2122 paulo
1804 2033 1897 2099 altius

272 2145 469 2236 repetendae
492 2159 593 2214 eruut.
626 2147 751 2214 Idcirco
779 2146 822 2213 ab
852 2169 936 2213 auno
959 2145 1047 2212 urbis
1075 2147 1223 2213 conditae
1253 2149 1315 2214 702
1342 2149 1503 2214 ordiemur
1533 2163 1565 2216 et
1591 2153 1730 2240 quinque
1751 2151 1898 2238 partibus

271 2268 505 2334 enarrationem
527 2277 666 2332 nostram
689 2266 902 2333 absolvemus.
945 2266 1087 2354 Agamus
1109 2269 1192 2332 enim
1218 2268 1258 2333 de
1282 2271 1438 2334 Cicerone
1530 2293 1534 2300 ’

478 2389 504 2450 l.
528 2383 661 2450 Ciliciae
684 2386 883 2473 proconsule,

471 2505 501 2569 2.
524 2505 626 2592 primo
650 2502 724 2570 belli
748 2505 849 2570 civilis
871 2519 1013 2596 ternpore
1036 2509 1067 2572 in
1094 2507 1184 2573 ltalia
1205 2506 1321 2582 reside,

473 2623 501 2690 3.
524 2625 556 2688 in
580 2625 693 2690 castris
715 2625 858 2714 Pompcji
883 2638 1041 2710 versantu,

475 2743 506 2809 4.
529 2742 589 2808 sub
614 2743 763 2810 Caesaris
787 2745 950 2834 dominatu
972 2747 1004 2812 in
1028 2745 1190 2811 literarum
1214 2745 1326 2810 studiis
1349 2743 1554 2812 delitescente
1579 2759 1610 2812 et

457 2863 506 2935 .5.
529 2875 601 2950 post
623 2863 795 2930 Caesarem
818 2865 1019 2931 interfectum
1042 2865 1085 2930 ad
1107 2864 1303 2952 respublicas
1326 2887 1466 2931 reverso.

729 3041 758 3112 1.
785 3041 842 3112 lte
870 3039 1054 3112 Cicerone
1083 3039 1239 3112 Ciliciae
1267 3040 1437 3112 consule

595 3187 617 3239 Α
635 3201 723 3239 mense
741 3185 812 3254 llajo
830 3187 892 3240 anui
912 3187 962 3246 703
981 3183 1114 3256 usquead
1135 3185 1289 3240 Januarium
1306 3202 1419 3241 mensem
1437 3188 1497 3241 anni
1516 3187 1574 3240 705.

402 3305 556 3394 Pompejo
577 3319 649 3372 tert.
673 3329 737 3371 cos.
760 3307 837 3391 (702
859 3330 888 3394 p.
915 3331 944 3373 u.
968 3307 1009 3390 c.)
1034 3305 1098 3371 lata
1120 3318 1190 3371 erat
1211 3307 1274 3387 lex,
1296 3329 1337 3370 ne
1359 3309 1412 3394 qui
1429 3307 1635 3392 magistratus
1657 3317 1731 3373 ante
1753 3308 1896 3395 quintum

270 3449 365 3515 quam
387 3449 518 3492 munere
540 3425 733 3492 decessisset
754 3448 872 3490 artuum
895 3425 926 3489 in
943 3426 1139 3513 provinciam
1163 3425 1277 3491 abiret.
1315 3425 1411 3507 Quod
1433 3435 1467 3491 ut
1488 3425 1558 3492 fieri
1575 3437 1693 3514 posset,
1715 3428 1895 3514 quicunque

268 3549 330 3612 viri
351 3545 534 3613 consulares
556 3545 741 3634 provinciali
773 3567 904 3611 munere
936 3543 1076 3609 nondum
1101 3557 1209 3610 essent
1230 3545 1340 3628 functi,
1368 3568 1452 3610 anno
1481 3556 1634 3633 sequente
1663 3545 1706 3611 ad
1735 3545 1813 3611 illud
1842 3545 1897 3610 ad-

269 3665 513 3733 ministrandum
536 3667 694 3754 proficisci
712 3665 794 3752 jussi
817 3675 900 3729 sunt.
930 3663 980 3730 Ea
1001 3664 1055 3730 lex
1078 3665 1172 3728 etiam
1195 3663 1237 3728 ad
1264 3663 1452 3731 Ciceronem
1474 3664 1650 3753 spectabat.
1694 3665 1777 3730 Nam
1800 3687 1896 3751 quum

267 3785 445 3852 industriae
467 3785 608 3851 urbanae
632 3807 757 3850 ornnem
780 3807 844 3874 qua
865 3783 1001 3850 florebat
1022 3784 1154 3871 gloriam
1178 3783 1318 3868 deberet,
1350 3786 1533 3872 provinciae
1557 3803 1708 3870 praeesse
1734 3805 1896 3870 nunquam

269 3905 426 3971 voluerat.
470 3905 545 3971 Jam
566 3906 664 3993 igitur
694 3917 726 3970 et
755 3904 817 3992 ipsi
839 3901 917 3970 urbe
947 3915 1016 3970 erat
1037 3904 1267 3990 decedendum,
1295 3906 1486 3990 sortitusque
1517 3899 1662 3968 Ciliciam
1685 3901 1726 3967 ad
1749 3925 1820 3968 eam
1842 3903 1897 3970 ad·

268 4023 513 4090 ministrandam
527 4026 656 4089 ineunte
677 4046 786 4088 mense
801 4023 887 4111 lllajo
908 4021 981 4089 anui
1004 4023 1066 4090 703
1088 4023 1216 4108 (Servio
1239 4022 1379 4111 Sulpicio
1395 4021 1487 4106 Rufo,
1506 4021 1549 4087 Μ.
1567 4017 1896 4090 obedientlam

268 4143 347 4209 cello
369 4143 465 4224 coss.)
488 4142 650 4229 profectus
672 4155 730 4208 est.
775 4143 935 4208 Decessus
958 4143 1026 4230 ejus
1050 4145 1081 4208 in
1106 4146 1207 4229 ipsum
1230 4141 1425 4230 reipublicae
1445 4141 1615 4208 discrimen
1639 4141 1760 4208 incidit.
1804 4137 1896 4205 Prius

268 4264 352 4329 enim
382 4285 478 4350 quam
509 4260 602 4328 ltalia
631 4261 778 4344 excessit,
801 4273 929 4328 senatus
952 4264 1125 4352 auctoritas
1148 4263 1329 4348 conscripta
1352 4274 1431 4336 erat,
1461 4274 1495 4327 ut
1516 4259 1650 4328 Caesari
1673 4259 1795 4326 Cedias
1817 4257 1895 4324 obti-

267 4381 355 4448 nenti
377 4377 609 4446 succederetur.
652 4379 794 4465 Tarenti,
816 4403 879 4468 quo
902 4402 931 4446 a.
954 4379 983 4444 d.
1008 4381 1080 4448 XV.
1105 4381 1173 4448 Cal.
1195 4383 1271 4449 Juu.
1296 4381 1393 4465 venit,
1417 4379 1531 4447 Cicero
1554 4379 1693 4447 triduum
1716 4401 1787 4444 cum
1803 4377 1893 4444 Pom·

266 4503 341 4590 pejo
364 4511 397 4566 et
416 4497 503 4588 apud
525 4499 711 4588 Pompejum
733 4499 832 4566 multa
861 4497 901 4565 de
922 4499 1119 4586 reipublicae
1141 4503 1263 4566 rationo
1285 4502 1446 4586 disseruit,
1476 4499 1517 4564 ad
1547 4500 1636 4587 cujus
1658 4495 1803 4585 pericula
1823 4519 1893 4585 pro·

265 4617 424 4709 pulsanda
443 4615 531 4685 illum
552 4641 587 4684 se
608 4620 841 4705 paratissimum
864 4619 1029 4708 iuvenisse
1046 4619 1153 4686 Attico
1170 4621 1361 4687 subscribit.
1397 4617 1489 4702 Quae
1505 4639 1557 4684 res
1574 4615 1739 4684 Ciceronis
1754 4617 1891 4684 animum
