4356 5300
958 365 1159 484 ,clia

244 586 403 676 quaedam
424 589 604 676 conjunctio
626 589 710 653 inter
732 585 904 652 Caesarem
927 599 959 652 et
981 585 1168 653 Ciceronem
1197 607 1255 675 per
1281 587 1365 654 illius
1395 588 1576 656 familiares.
1628 589 1752 658 Hirtius
1782 593 1867 660 enim

242 717 275 774 ct
296 705 467 772 Dolabella
489 717 521 772 et
542 705 595 772 alii
616 707 704 796 apud
725 708 830 795 ipsum
852 705 1055 774 declamitare
1077 705 1231 794 solebant,
1253 708 1323 797 ipse
1345 708 1430 796 apud
1452 705 1521 775 illos
1544 711 1716 796 coenitare,
1743 723 1778 778 ut
1793 715 1864 801 jam

241 826 324 894 alter
361 827 538 916 Dionysius
573 826 636 892 sibi
673 825 853 912 videretur,
889 827 944 913 qui
973 825 1142 914 Syracusis
1181 827 1334 914 expulsus
1362 827 1470 894 ludum
1504 827 1651 896 Corinthi
1682 833 1869 919 aperuisset

245 947 336 1030 Quae
358 949 604 1013 exercitationes
627 958 670 1030 ut,
700 969 763 1033 quo
792 948 896 1034 ipsum
924 945 1136 1030 oblectarent,
1165 946 1329 1014 hebebant
1364 949 1416 1031 (iis
1446 949 1530 1014 enim
1559 949 1601 1015 ad
1631 952 1692 1016 ista
1720 962 1867 1040 tempore

242 1091 277 1134 se
297 1066 461 1133 muniebat
482 1077 516 1132 et
536 1066 762 1150 valetudinem,
785 1089 880 1154 quam
900 1065 1090 1130 intermissis
1112 1065 1393 1134 exercitationibus
1410 1069 1478 1156 jam
1494 1071 1653 1155 amiserat,
1675 1071 1865 1139 restituebat
1964 1039 1967 1050 Ι

244 1199 276 1256 et
296 1187 440 1271 cavebat,
455 1209 496 1252 ne
522 1185 648 1252 dicendi
673 1184 814 1268 [facultas
837 1183 1070 1268 exaresceret):
1085 1187 1129 1251 ita
1143 1184 1265 1273 largum
1281 1185 1374 1253 nobie
1389 1188 1486 1252 etiam
1500 1188 1635 1254 hactum
1657 1203 1865 1278 paraverunt,

244 1309 271 1374 si
293 1329 404 1374 verum
427 1318 475 1372 est
495 1327 554 1372 nos
575 1307 621 1370 eis
643 1303 706 1370 duo
732 1303 897 1370 Ciceronis
919 1326 1018 1392 opera
1039 1306 1314 1392 praestantissima
1335 1304 1464 1390 debere,
1481 1307 1650 1373 Oratorem
1673 1308 1745 1375 dico
1768 1321 1865 1399 atque
1881 1347 1897 1376 ι

241 1427 392 1511 Brutum3
416 1426 516 1491 altero
538 1425 619 1490 libro
641 1425 786 1506 oratoris,
812 1445 905 1510 quem
927 1425 997 1511 ipse
1017 1417 1195 1510 ¹perlectum
1210 1423 1389 1513 judicabat,
1412 1427 1551 1515 effigiem
1573 1427 1666 1495 nobis
1688 1433 1863 1518 proposuit,

245 1545 343 1612 altero
364 1546 492 1633 planam
515 1543 646 1610 exhibet
667 1543 866 1631 eloquentiae
887 1542 1051 1608 Romanae
1073 1543 1236 1608 historiam
1258 1545 1385 1610 insertis
1402 1545 1506 1611 multis
1530 1545 1570 1612 de
1593 1548 1713 1635 optimo
1737 1548 1866 1680 diqendi

242 1687 361 1751 genere
385 1666 559 1750 sententiis.
916 1661 918 1666 ’
1338 1741 1343 1748 ι

369 1785 429 1850 llis
451 1783 613 1850 literarum
636 1781 749 1848 studiis
771 1794 961 1869 occupatum
982 1783 1079 1848 etiam
1101 1780 1294 1848 domesticae
1318 1803 1413 1848 curae
1435 1783 1658 1851 conficiebant.
1712 1785 1866 1852 Terentia

239 1909 338 1990 enim,
361 1904 525 1970 Ciceronis
548 1925 639 1986 uxor,
662 1913 839 1989 temporum
861 1900 972 1966 habita
992 1902 1116 1967 ratione
1141 1899 1237 1984 nulla,
1266 1902 1423 1966 maximas
1453 1903 1610 1969 effuderat
1638 1907 1800 1991 pecunias,
1831 1916 1866 1970 ut

236 2028 306 2114 jam
335 2026 463 2090 maritus
491 2043 691 2110 summopere
720 2020 881 2086 laboraret
901 2042 1023 2107 neque,
1050 2043 1114 2108 qua
1140 2023 1262 2086 ratione
1292 2042 1328 2086 se
1357 2019 1539 2109 expediret,
1569 2024 1714 2090 invenire
1743 2037 1862 2112 posset.

240 2147 353 2232 ltaque
376 2166 447 2210 eam
468 2165 521 2207 res
543 2163 617 2207 suas
647 2141 710 2206 sibi
742 2139 862 2206 babere
885 2142 992 2227 jussit,
1046 2141 1118 2227 lpse
1146 2151 1261 2223 autem,
1291 2163 1387 2228 quum
1409 2141 1535 2208 videret
1556 2144 1709 2231 majorem
1739 2147 1865 2233 corpori

241 2264 424 2331 habendam
445 2283 517 2328 esse
540 2283 658 2344 euram,
680 2281 738 2348 per
760 2257 889 2348 aliquod
909 2269 1035 2346 ternpus
1057 2258 1148 2324 villas
1178 2281 1252 2326 suas
1275 2257 1440 2326 lustrabat
1483 2261 1562 2327 lude
1585 2263 1718 2328 Romam
1748 2264 1863 2349 redux,

242 2385 334 2451 saluti
357 2385 531 2449 amicorum
553 2379 763 2468 quorundam,
785 2380 840 2466 qui
862 2400 932 2444 cnm
960 2379 1108 2468 Pompejo
1131 2378 1265 2464 fuerant,
1296 2381 1330 2445 in
1352 2379 1401 2444 bis
1430 2379 1474 2446 Μ.
1497 2381 1649 2467 Marcelli,
1679 2395 1712 2449 et
1733 2384 1865 2472 Ligarii,

240 2506 414 2594 prospexit.
451 2501 646 2585 Marcellum,
661 2502 714 2589 qui
729 2509 803 2587 post
817 2521 957 2586 pugnam
975 2497 1186 2564 Pharsalicam
1197 2498 1371 2587 Mytilenae
1386 2498 1535 2587 degebat,
1548 2499 1663 2568 Cicero
1675 2503 1862 2589 identidem,

242 2636 277 2691 ut
300 2623 433 2690 Caesari
456 2646 490 2687 se
513 2621 721 2704 submitteret,
745 2628 815 2686 erat
835 2618 986 2684 hortatus.
1032 2618 1127 2700 Quod
1148 2619 1204 2684 ubi
1224 2618 1276 2685 ille
1300 2629 1482 2684 constanter
1495 2623 1664 2704 recusavit,
1685 2621 1794 2688 oblata
1815 2635 1863 2689 est

242 2746 290 2810 rei
313 2742 536 2831 expediendae
559 2741 789 2828 opportunitas,
815 2761 922 2825 quum,
944 2739 1104 2803 mentione
1133 2761 1154 2803 a
1176 2738 1214 2804 L.
1244 2739 1361 2806 Pisone
1391 2739 1476 2805 facta
1505 2739 1546 2804 de
1574 2740 1736 2826 Marcello,
1766 2742 1866 2831 Gajus

240 2865 337 2930 frater
361 2887 396 2928 se
418 2863 460 2927 ad
485 2859 635 2927 Caesaris
656 2859 756 2946 pedes
778 2856 951 2947 abjecisset
972 2868 1166 2944 cunctusque
1188 2869 1317 2924 senatus
1339 2871 1549 2946 consurgeret
1571 2871 1603 2925 et
1624 2860 1666 2925 ad
1689 2861 1866 2929 Caesarem

243 2983 379 3072 supplex
411 2981 588 3048 accederet.
643 2979 726 3044 Tum
760 2975 870 3042 consul
902 2988 1052 3042 accusata
1079 2976 1223 3042 Marcelli
1251 2977 1425 3043 acerbitate
1454 2990 1587 3067 repente
1615 2991 1744 3068 praeter
1774 3005 1865 3069 spem

241 3103 332 3188 dixit,
355 3127 388 3168 se
418 3103 542 3168 senatui
571 3101 697 3186 roganti
728 3097 769 3162 de
798 3097 949 3164 Marcello
979 3119 1020 3164 ne
1051 3099 1185 3164 hominis
1214 3096 1343 3184 quidem
1371 3119 1472 3162 causa
1500 3109 1701 3185 negaturum.
1753 3102 1864 3189 ltaque

242 3223 600 3312 senatoressententias
622 3229 695 3284 sunt
716 3219 831 3305 rogati.
874 3217 1039 3299 Quaeres
1062 3217 1259 3300 Ciceronem,
1291 3216 1346 3302 qui
1374 3217 1407 3281 in
1436 3227 1624 3304 perpetuum
1654 3229 1761 3285 tacere
1792 3241 1865 3285 con-

243 3346 396 3426 stituerat,
417 3353 453 3406 ut
475 3340 618 3429 pluribus
640 3339 748 3404 verbis
770 3337 904 3404 Caesari
925 3339 1046 3424 gratias
1067 3348 1189 3426 ageret,
1212 3337 1392 3402 commovit.
1438 3335 1521 3400 Num
1542 3339 1654 3420 oratio,
1676 3360 1760 3425 quae
1780 3339 1865 3406 blar-

240 3464 312 3530 celli
332 3464 460 3529 nomine
481 3470 596 3541 exstat,
618 3460 759 3548 genuina
779 3459 829 3542 sit,
851 3456 910 3522 sub
927 3455 1044 3544 judice·
1060 3457 1188 3543 quidem
1211 3457 1307 3522 etiam
1332 3455 1372 3520 lis
1401 3467 1450 3520 est
1456 3476 1465 3539 3
1496 3465 1530 3520 at
1559 3455 1701 3542 proiecto
1732 3469 1865 3544 eonsmt,

241 3597 312 3640 eum
343 3575 427 3640 diem
462 3575 507 3640 ita
536 3576 597 3662 ipsi
621 3575 765 3662 pulcrum
794 3577 897 3642 visum
927 3580 1016 3659 este,
1045 3586 1079 3640 ut
1107 3577 1245 3662 speeiem
1274 3574 1413 3662 aliquam
1443 3573 1607 3642 videretur
1635 3577 1745 3643 videre
1777 3581 1869 3667 quasi

241 3696 463 3760 reviviscentis
486 3693 688 3780 reipublicae.

369 3813 422 3878 Ad
445 3814 609 3901 Ligarium
632 3835 712 3878 vero
735 3813 823 3901 quod
844 3816 991 3902 pertinet,
1013 3817 1067 3903 qui
1089 3827 1162 3902 post
1182 3817 1284 3880 victos
1313 3815 1346 3878 in
1374 3813 1486 3880 Africa
1507 3815 1719 3905 Pompejanos
1749 3820 1819 3884 rita·
1846 3841 1866 3882 a

242 3932 382 3999 Caesare
405 3935 574 4020 impetrata
595 3935 628 3999 in
651 3931 747 3999 exilio
769 3934 909 4018 vivebat,
924 3936 994 4022 jam
1017 3955 1094 4000 vero
1115 3951 1136 3999 a
1157 3933 1327 3999 Tuberone
1350 3933 1414 3999 lilio
1444 3933 1485 4000 de
1513 3937 1547 4000 vi
1576 3949 1743 4004 aecusatus
1773 3949 1867 4024 erat3

243 4053 357 4118 Cicero
379 4075 400 4118 a
418 4053 539 4140 Ligarii
562 4053 714 4119 iratribus
736 4064 868 4142 rogatus
883 4075 976 4118 mane
992 4052 1034 4119 ad
1050 4052 1224 4119 Caesarem
1237 4054 1327 4118 venit
1341 4064 1382 4138 et,
1397 4075 1495 4141 quum
1509 4053 1626 4121 iratres
1649 4067 1681 4121 et
1695 4059 1865 4146 propinqui

242 4196 277 4240 se
298 4172 341 4239 ad
363 4173 493 4262 hujusce
523 4173 624 4261 pedes
653 4175 910 4260 prostravissent,
939 4173 1115 4239 orationem
1144 4173 1256 4238 habuit
1285 4172 1547 4261 deprecatoriam,
1578 4176 1669 4264 eujus
1700 4178 1734 4241 vi
1763 4179 1867 4244 victus

241 4293 406 4380 Ligarium
428 4294 558 4359 crimine
580 4291 737 4358 liberavit.
782 4293 881 4359 Vario
904 4315 975 4358 eum
997 4313 1145 4358 successu
1168 4294 1263 4357 etiam
1286 4294 1317 4357 in
1340 4293 1474 4360 aliorum
1489 4295 1673 4380 amicorum,
1695 4295 1865 4382 Caecinae,

245 4411 407 4498 Trebiani,
430 4411 560 4500 Nigidii,
582 4412 700 4500 Ampii,
720 4411 861 4500 periculo
877 4411 1119 4478 averruncando
1135 4422 1288 4499 operatus
1310 4422 1368 4478 est.
1412 4412 1479 4479 Sed
1492 4413 1589 4478 finem
1604 4413 1680 4479 fecit
1694 4414 1743 4481 his
1755 4416 1868 4483 studiis

245 4529 393 4598 Caesaris
415 4531 457 4597 ad
479 4530 597 4598 bellum
620 4531 833 4620 Hispaniense
856 4531 1022 4618 profectio,
1047 4551 1130 4618 quae
1158 4533 1270 4618 paucis
1300 4531 1414 4598 diebus
1443 4543 1518 4598 ante
1546 4533 1673 4599 initium
1701 4537 1777 4600 anni
1805 4537 1868 4605 709

243 4653 360 4718 evenit.
405 4651 519 4717 Cicero
541 4663 576 4717 ut
595 4651 718 4738 grande
739 4673 795 4717 aes
810 4649 948 4718 alionum
962 4651 1154 4718 dissolveret
1168 4673 1299 4739 remque
1314 4651 1461 4718 reficeret
1476 4652 1673 4739 familiarem,
1689 4653 1867 4744 Publiliam,

1663 4791 1676 4830 8
