4356 5300
248 586 422 671 tribuisset,
438 589 508 677 jam
532 587 565 653 id
588 589 664 676 egit,
686 597 730 672 ut,
752 609 834 674 quae
855 607 876 651 a
897 585 1032 652 Graecis
1053 585 1183 650 summis
1205 584 1388 652 anewribus
1409 586 1582 651 memoriae
1602 585 1732 674 prodita
1753 596 1869 670 essent,

248 727 288 772 ea
309 705 415 772 latinis
443 705 544 774 literis
573 707 754 774 illustraret
804 705 879 794 lpse
905 706 1073 794 profitetur
1104 707 1160 790 (de
1190 705 1386 772 divinatione
1416 705 1469 789 11,
1496 704 1531 788 2)
1561 703 1772 793 explicandae
1800 705 1868 794 phi-

247 824 411 912 losophiae
444 847 573 893 causmn
593 826 667 892 'sibi
698 825 842 892 attulisse
874 847 1006 912 gravem
1034 848 1143 891 casum
1173 825 1320 907 civitatis,
1348 845 1419 889 cum
1447 826 1480 889 in
1507 827 1604 904 armis
1633 823 1780 890 civilibus
1808 846 1869 891 nec

248 945 332 1010 tueri
355 965 412 1010 sno
434 965 522 1012 more
545 945 783 1033 rempublicam,
805 967 866 1010 nec
886 945 962 1010 nihil
986 967 1082 1033 agere
1104 946 1274 1032 potuisset3
1297 965 1358 1009 nec
1378 944 1456 1032 quid
1477 945 1592 1031 potius,
1619 943 1707 1032 qnod
1736 943 1867 1032 quidem

248 1085 282 1128 se
305 1062 435 1150 dignum
458 1074 553 1142 esset,
575 1075 696 1152 ageret,
719 1066 901 1152 reperisset.
945 1064 1017 1146 Qua
1039 1063 1166 1146 quidem
1188 1084 1224 1128 re
1245 1063 1442 1151 quodquam
1461 1063 1604 1151 plurimis
1619 1086 1653 1129 se
1668 1063 1867 1151 profuturum
1968 1043 1970 1048 ¹

248 1181 408 1270 sperabat,
430 1204 503 1270 spes
526 1182 612 1249 hand
634 1183 731 1250 dubie
754 1206 825 1249 eum
847 1205 911 1249 non
940 1183 1059 1250 fefellit
1110 1184 1161 1248 De
1189 1181 1279 1248 libris
1305 1193 1421 1267 autem,
1451 1205 1531 1270 quos
1560 1182 1602 1248 ad
1632 1181 1865 1269 philosophiam

246 1303 445 1390 pertinentes
466 1302 528 1368 hoe
549 1312 693 1390 tempore
714 1304 748 1368 in
763 1302 877 1390 vulgus
899 1305 1046 1386 emiserit,
1068 1304 1172 1390 ipsum
1194 1300 1349 1368 babemus
1372 1312 1496 1386 testem,
1517 1303 1627 1389 utqui
1649 1323 1704 1367 eos
1726 1301 1775 1368 his
1796 1301 1866 1368 fere

247 1420 356 1487 verbis
378 1432 545 1488 recenseat
565 1421 621 1508 (de
645 1421 840 1488 divinatione
871 1423 924 1506 ll.,
955 1423 1005 1502 1):
1034 1422 1219 1508 „Cohortsti
1249 1444 1367 1506 sumus,
1396 1433 1432 1488 ut
1459 1424 1597 1489 maxime
1625 1423 1795 1510 potuimus,
1824 1421 1867 1488 ad

248 1540 466 1628 philosophiae
488 1541 628 1607 studium
649 1563 687 1606 eo
708 1541 800 1626 libro,
822 1543 877 1629 qui
892 1554 941 1607 est
955 1543 1124 1628 inscriptus
1141 1541 1341 1625 Hortensius,
1359 1555 1391 1606 et
1404 1542 1490 1628 quod
1505 1565 1607 1630 genus
1622 1541 1867 1629 philosophandi

249 1661 377 1726 minime
399 1683 556 1748 arrogans
577 1662 782 1748 maximeque
804 1673 836 1726 et
858 1671 1006 1726 constans
1029 1673 1061 1725 et
1082 1659 1212 1747 elegans
1237 1659 1474 1746 arbitraremur,
1503 1673 1638 1749 quatuor
1664 1661 1866 1727 Academicis

245 1778 336 1844 libris
351 1777 557 1846 ostendimus.
587 1778 733 1867 Cumque
747 1779 987 1846 fundamentum
1003 1791 1088 1845 esset
1101 1778 1320 1867 philosophiae
1335 1782 1472 1868 positum
1487 1783 1520 1846 in
1534 1781 1652 1847 finibus
1662 1780 1820 1847 bonorum
1833 1791 1866 1846 et

246 1898 411 1982 malorum,
432 1909 646 1986 perpurgatus
668 1899 764 1964 estis
786 1898 873 1965 locus
895 1923 916 1965 a
936 1899 1030 1966 nobis
1053 1902 1193 1988 quinque
1222 1897 1322 1985 libris,
1353 1912 1394 1980 ut,
1422 1900 1500 1987 quid
1527 1921 1700 1988 equoque
1728 1909 1760 1964 et
1788 1899 1866 1988 quid

249 2030 361 2085 contm
404 2041 561 2106 quemque
603 2019 826 2107 philosophum
861 2018 1036 2103 diceretur,
1073 2017 1205 2105 intelligi
1240 2030 1358 2105 posset.
1415 2018 1564 2086 Totidem
1599 2021 1759 2087 subsecuti
1794 2020 1868 2088 libri

247 2137 498 2204 Tusculanarum
528 2137 778 2225 disputationum
805 2161 857 2204 res
879 2139 921 2203 ad
942 2137 1036 2204 beate
1063 2137 1237 2204 vivendum
1266 2139 1404 2203 martium
1434 2141 1631 2205 necessarias
1659 2151 1863 2228 aperuerunt.

223 2233 225 2237 Ι
245 2259 372 2324 Primus
394 2259 478 2324 enim
501 2269 550 2323 est
571 2257 613 2322 de
634 2257 867 2324 contemnenda
888 2269 999 2341 morte,
1021 2256 1179 2323 secundus
1202 2255 1243 2322 de
1265 2257 1429 2323 tolerando
1454 2258 1573 2341 dolore,
1600 2259 1641 2325 de
1663 2259 1862 2346 aegritudine

249 2377 398 2442 lenienda
420 2378 541 2460 tertius,
564 2387 694 2464 quartus
717 2377 758 2441 de
786 2376 916 2464 reliquis
945 2379 1041 2442 animi
1071 2375 1374 2464 perturbationibus,
1400 2343 1528 2464 quidtus
1550 2400 1621 2444 enm
1650 2379 1752 2446 locum
1782 2403 1864 2446 eom-

246 2497 362 2586 plexns
384 2509 442 2581 est,
464 2499 519 2584 qui
541 2507 639 2562 totam
661 2496 894 2585 philosophiam
915 2499 1055 2561 maxime
1076 2495 1221 2578 illustrat,
1251 2496 1346 2562 docet
1374 2499 1468 2581 enim,
1497 2497 1539 2563 ad
1570 2499 1663 2564 beate
1690 2500 1865 2566 vivendum

250 2619 398 2683 virtutem
421 2639 456 2681 se
478 2618 550 2704 ipsa
572 2637 643 2681 esse
666 2626 855 2682 contentam.
899 2616 1024 2698 Quibus
1045 2615 1142 2681 rebus
1164 2615 1257 2682 editis
1278 2627 1345 2682 tres
1366 2615 1438 2682 libri
1460 2617 1593 2704 perfecti
1611 2629 1683 2684 sunt
1699 2619 1868 2684 denatura
1954 2591 1957 2600 ⁴

247 2735 400 2820 Deorum,
422 2738 455 2800 in
478 2736 593 2822 quibus
616 2737 717 2801 omnis
740 2738 809 2824 ejus
830 2735 892 2801 loci
914 2739 1057 2822 quaestio
1080 2736 1289 2802 continetur.“

371 2856 432 2922 Est
453 2878 492 2922 ea
514 2855 656 2944 profecto
678 2858 761 2921 mira
782 2855 939 2921 industria
960 2857 1122 2941 mirusque
1136 2855 1290 2920 librorum
1305 2858 1390 2921 intra
1404 2867 1556 2944 angustos
1570 2858 1664 2922 unius
1686 2859 1760 2922 anni
1784 2857 1865 2924 fines

247 2977 496 3062 conscriptorum
524 2998 684 3041 numerus.
734 2976 803 3041 Nec
829 2975 934 3040 facere
963 2976 1148 3062 poterimus,
1177 2976 1253 3061 quin
1282 2977 1448 3060 fateamur,
1476 2976 1665 3042 Ciceronem
1692 2977 1735 3076 de
1761 2980 1866 3065 patria

246 3093 328 3158 bene
363 3095 526 3178 meruisse,
559 3094 645 3181 quod
677 3094 801 3181 largum
834 3094 951 3160 Graeci
985 3096 1106 3181 ingenii
1137 3096 1240 3159 rivum
1273 3097 1305 3160 in
1338 3096 1523 3161 Latinorum
1557 3118 1651 3182 agros
1685 3096 1866 3164 deduceret

244 3212 326 3277 Nam
349 3214 553 3300 primitivum,
576 3236 669 3301 quem
694 3213 812 3298 dicunt,
831 3212 1051 3301 philosophum
1076 3213 1265 3278 Ciceronem
1294 3237 1357 3279 non
1388 3213 1552 3299 habemus,
1581 3216 1638 3282 sed
1666 3217 1863 3281 Graecorum

245 3334 419 3398 arctissime
451 3344 649 3419 prementem
682 3336 905 3420 magistrorum
941 3335 1086 3420 vestigia.
1140 3332 1185 3398 At
1221 3335 1274 3419 qni
1307 3335 1435 3399 fuerunt
1465 3335 1651 3400 Latinorum
1684 3335 1863 3424 philosophi

246 3453 426 3538 primitivi?
448 3453 552 3518 Erant
572 3453 660 3537 nulli,
682 3465 716 3518 ut
737 3456 819 3518 inter
841 3477 950 3520 omnes
972 3465 1105 3539 constat,
1126 3477 1230 3542 noque
1253 3454 1337 3520 ultra
1358 3454 1537 3520 eclecticam
1552 3457 1707 3521 rationem
1728 3425 1865 3541 tunquam

242 3569 349 3636 Latini
377 3573 521 3658 provecti
543 3585 626 3636 suut.

371 3693 432 3757 Per
454 3703 553 3758 toturn
575 3691 653 3756 illud
675 3707 809 3781 tempus
832 3716 894 3781 quo
911 3695 1024 3760 Cicero
1046 3695 1104 3759 bos
1126 3693 1223 3760 libros
1247 3693 1382 3782 scripsit,
1398 3695 1499 3758 Roma
1521 3694 1587 3759 fere
1607 3693 1727 3760 aberat
1779 3697 1861 3760 Prae

243 3814 358 3876 ceteris
380 3823 485 3877 autem
508 3811 647 3898 praediis
671 3811 886 3878 Tusculanum
909 3835 980 3878 enm
1003 3812 1191 3897 delectabat,
1215 3813 1270 3878 ubi
1294 3813 1419 3899 singula
1433 3836 1579 3901 quaeque
1599 3813 1722 3879 'Pulliae
1744 3837 1859 3880 memo-

241 3937 322 4000 riam
351 3933 534 3999 refcrebant
562 3935 722 4020 Atticique
751 3934 812 4020 ipsi
840 3945 873 3997 et
900 3917 1108 3998 conveniendi
1138 3945 1170 3998 ot
1199 3931 1400 3998 consultandi
1425 3931 1588 3998 liberrima
1617 3945 1686 3998 erat
1715 3933 1860 4000 facultas.

242 4053 321 4120 Inde
343 4075 384 4118 ne
405 4053 555 4118 Caesaris
578 4052 705 4138 quidem
733 4055 763 4117 in
794 4053 906 4118 urbem
937 4052 1068 4134 reditus,
1098 4055 1153 4140 qui
1183 4075 1292 4117 mense
1325 4050 1459 4118 Octobri
1488 4054 1604 4135 evenit,
1630 4074 1761 4138 prorsus
1790 4076 1863 4118 eum

240 4174 399 4239 avocavit.
442 4173 529 4237 Fieri
551 4172 634 4235 enim
656 4195 719 4237 non
743 4174 855 4260 potuit,
882 4171 958 4258 quin
981 4171 1078 4236 semel
1108 4180 1204 4258 atquo
1233 4172 1348 4236 iterum
1379 4173 1448 4236 viro
1476 4173 1677 4259 praepotenti
1706 4175 1739 4236 in
1773 4173 1862 4238 Urbe
1906 4247 1909 4256 ,

239 4305 368 4380 praesto
392 4305 476 4359 esset
498 4302 697 4379 vocatusque
720 4315 811 4356 suum
834 4293 917 4356 inter
938 4301 1102 4356 senatores
1124 4291 1227 4356 locum
1251 4291 1418 4358 obtineret.
1462 4292 1512 4356 lta
1526 4313 1624 4379 quum
1645 4290 1777 4376 faceret,
1799 4291 1861 4358 sibi

240 4413 423 4479 facultatem
446 4415 589 4478 servavit
609 4413 809 4476 auctoritatis
831 4432 908 4475 suae
923 4412 956 4474 in
972 4413 1144 4476 amicorum
1161 4410 1397 4476 convertendae
1413 4410 1587 4476 utilitatem.
1633 4411 1743 4493 Quare
1761 4435 1859 4502 quum

241 4531 363 4598 Caesar
391 4531 542 4597 militibus
572 4553 677 4619 agros,
705 4553 785 4619 quos
811 4532 850 4594 iis
876 4532 1076 4617 promiserat,
1106 4539 1190 4595 esset
1219 4530 1391 4613 divisurus,
1421 4531 1520 4596 literis
1549 4531 1591 4596 ad
1618 4553 1683 4615 eos,
1720 4534 1776 4619 qui
1806 4532 1859 4596 isti

239 4651 368 4739 negotio
393 4653 568 4738 praepositi
598 4659 698 4734 erant,
728 4650 811 4715 datis
841 4649 956 4735 effecit,
986 4661 1018 4714 ut
1048 4651 1219 4739 amicorum
1250 4653 1337 4737 agris
1360 4659 1558 4738 paroeretur.
1606 4651 1707 4717 Simili
1738 4653 1862 4718 ratione
