4356 5300
1025 317 1072 394 ll

949 417 1148 437 ιΑΛΛᾹΛΛΛΛΛΛ

251 549 355 607 motus
376 539 498 626 fierent,
514 540 683 632 juberetur
702 539 874 629 prohibere
896 560 1005 606 omnes
1020 537 1121 624 ltalia,
1142 539 1204 604 nisi
1218 559 1351 626 quorum
1366 537 1486 604 Cacsar
1500 560 1625 606 causam
1640 544 1849 628 cognovisset
1946 601 1950 610 .

251 661 365 749 Itaque
386 661 543 728 Antonius
563 660 695 749 petebat
714 658 756 726 ab
778 682 816 725 eo
837 679 896 747 per
916 659 1033 744 literas,
1054 669 1089 725 ut
1110 658 1171 726 sibi
1186 659 1381 744 ignosceret3
1402 657 1507 722 lacere
1521 679 1556 723 se
1570 679 1633 724 non
1647 679 1750 747 posse,
1771 660 1848 747 quin

252 781 291 847 iis
311 780 410 845 literis
430 790 567 868 pareret
610 779 724 846 Cicero
746 777 881 844 adeum
903 779 1053 846 Lamiam
1075 780 1170 863 misit,
1199 779 1253 867 qui
1283 776 1522 862 demonstraret,
1549 777 1633 844 illum
1662 777 1847 846 Dolabellae

254 901 386 984 dixisse,
408 909 443 965 ut
463 898 506 965 ad
526 921 668 965 socerum
691 896 852 981 scriberet,
874 907 909 964 ut
929 899 961 964 in
992 897 1111 963 ltaliam
1140 917 1234 984 quam
1262 898 1396 986 primum
1424 898 1561 963 veniret:
1590 899 1656 986 ejus
1685 921 1721 964 se
1748 899 1850 966 literis

252 1023 390 1088 venisse.
435 1021 517 1086 Tum
539 1020 696 1087 Antonius
716 1021 761 1085 ita
782 1017 892 1101 edixit,
908 1027 944 1083 ut
965 1016 1150 1083 Ciceronem
1172 1017 1333 1103 exciperet
1354 1029 1386 1082 et
1406 1013 1547 1082 Laelium
1568 1018 1759 1085 nominatim
1802 1019 1852 1085 lta
1888 1039 1889 1042 ’

256 1142 285 1207 ei
305 1142 339 1206 in
359 1139 453 1207 Italia
471 1137 657 1205 remanendi
671 1135 774 1204 libera
787 1139 883 1202 venia
897 1137 1065 1202 constituta
1079 1147 1128 1201 est
1138 1137 1268 1225 jamque
1282 1133 1413 1202 meliora
1427 1132 1468 1200 de
1488 1157 1523 1202 se
1537 1157 1665 1223 sperare
1679 1138 1848 1226 inceperat,

257 1283 351 1348 quum
373 1270 489 1343 essent,
504 1259 558 1346 qui
582 1257 714 1324 Caesari
735 1268 938 1360 auctoreqse
959 1256 1079 1321 futuros
1101 1253 1322 1341 pollicerentur
1341 1276 1405 1320 non
1427 1254 1466 1320 de
1481 1257 1701 1322 conservanda
1720 1266 1849 1346 tantum,

254 1401 366 1446 verum
394 1379 487 1444 etiam
520 1377 561 1443 de
587 1376 735 1464 augenda
761 1375 925 1442 Ciceronis
953 1375 1149 1440 auctoritate.
1196 1375 1241 1441 At
1270 1395 1312 1440 ne
1339 1375 1431 1440 nimis
1461 1375 1514 1442 diu
1543 1377 1610 1442 sine
1640 1375 1849 1444 sollicitudine

164 1493 169 1498 ’
256 1510 348 1583 essct,
370 1499 497 1564 nuntius
520 1498 550 1562 ei
571 1495 682 1562 allatus
705 1503 762 1580 est,
783 1496 906 1560 misisse
921 1493 1070 1576 Quintum
1092 1494 1221 1560 fratrem
1243 1493 1339 1560 lilium
1361 1493 1403 1560 ad
1426 1461 1653 1598 Caesalemhut
1672 1497 1720 1562 sui
1741 1496 1849 1586 depre-

257 1617 358 1703 candi,
378 1621 425 1684 ita
444 1617 543 1682 Marci
564 1616 671 1681 fratris
687 1613 861 1680 'menandi
881 1577 986 1680 cabaa.
1032 1613 1072 1678 Et
1086 1595 1227 1700 prolecto
1246 1612 1431 1679 adolescens
1445 1614 1719 1702 petulantissimus,
1739 1602 1874 1704 quam-²

256 1761 350 1827 quam
378 1737 456 1804 satis
477 1746 586 1802 notum
611 1743 688 1818 erat,
710 1732 749 1815 Q.
773 1732 958 1798 Ciceronem
984 1732 1035 1797 vel
1055 1734 1153 1798 invito
1175 1733 1272 1798 fratre
1293 1733 1400 1800 Marco
1422 1733 1465 1798 ad
1486 1734 1668 1823 Pompejum
1689 1737 1848 1822 transisse,
1876 1781 1880 1794 .

255 1859 452 1946 gravissimis
481 1853 663 1920 criminibus
690 1865 721 1918 ct
757 1851 931 1917 maledictis
958 1863 1105 1938 patruum
1134 1853 1293 1918 insecutus
1322 1864 1371 1919 est
1398 1863 1549 1934 tantaque
1579 1875 1649 1919 oum
1677 1854 1849 1922 acerbitate

257 1977 345 2058 rosit,
366 1985 400 2041 ut
419 1976 487 2062 ipse
510 1973 631 2040 Caesar
651 1973 791 2038 accusati
812 1981 918 2060 partes
939 1982 1091 2037 tueretur.
1134 1971 1236 2037 Simili
1264 1971 1358 2037 modo
1387 1974 1481 2038 etiam
1508 1973 1576 2058 ipse
1599 1973 1736 2055 Quintus,
1760 1985 1852 2062 pater

260 2115 376 2179 omnes,
403 2115 481 2180 quas
508 2092 551 2158 ad
579 2094 697 2158 amicos
727 2092 833 2177 dabat,
862 2089 1010 2177 epistolas
1037 2091 1231 2177 gravissimis
1260 2092 1293 2155 in
1319 2090 1449 2156 fratrem
1479 2093 1628 2158 conviciis
1655 2093 1849 2182 inquinabat.

256 2212 330 2278 Huc
350 2233 444 2278 curae
464 2212 671 2300 gravissimas
692 2209 733 2276 de
753 2211 858 2276 Tullia
877 2209 952 2292 lilia,
981 2231 1063 2298 quae
1085 2208 1283 2275 Dolabellam
1313 2231 1424 2298 parum
1448 2210 1591 2300 ,moribus
1618 2214 1717 2299 ipsius
1742 2225 1849 2302 aptum

257 2332 402 2397 maritum
423 2341 517 2397 nacta
532 2332 600 2419 jam
622 2329 803 2396 valetudine
823 2328 1000 2412 laborabat,
1023 2343 1231 2396 secesserunt.

382 2449 505 2532 Quibus
525 2449 676 2516 molestiis
697 2473 792 2538 quum
815 2471 985 2538 oppressus
1009 2461 1102 2534 esset,
1129 2449 1273 2516 redditae
1302 2463 1374 2516 sunt
1396 2451 1541 2518 Ciceroni
1563 2451 1709 2520 Caesaris
1738 2451 1849 2521 literae

258 2571 333 2635 satis
361 2569 498 2636 humane
530 2591 588 2634 eae
614 2569 742 2658 quidem
769 2571 913 2656 scriptae,
942 2567 1055 2656 quibus
1085 2568 1214 2634 taudem
1243 2569 1414 2656 aliquando
1443 2593 1506 2638 non
1535 2571 1612 2638 nihil
1640 2583 1762 2639 erectus
1791 2586 1847 2642 est

258 2687 309 2756 Ad
330 2690 426 2754 animi
448 2670 783 2776 entm'aegritudtnem
806 2691 898 2754 etiam
929 2690 1069 2775 corporis
1098 2688 1261 2755 iufirmitas
1291 2701 1469 2756 accesserat
1500 2712 1542 2756 ex
1569 2693 1651 2756 airis
1678 2691 1851 2779 pestilentis

256 2811 414 2896 gravitate
435 2799 598 2894 commota,
620 2831 716 2897 quum
745 2810 774 2873 ei
801 2807 990 2893 Brundusio,
1020 2820 1189 2896 antequam
1220 2829 1291 2874 cum
1320 2807 1458 2874 Caesare
1484 2811 1517 2875 in
1543 2811 1677 2898 gratiam
1706 2811 1850 2899 redisset,

256 2951 320 2994 non
342 2929 451 2996 liceret
472 2929 638 2996 excedere.
682 2931 792 3015 ltaque
820 2927 964 3016 quamvis
986 2927 1195 2994 sollicitudine
1221 2927 1359 3016 quadam
1381 2949 1452 2994 eum
1479 2951 1542 2996 non
1563 2953 1693 3024 vacasse
1720 2943 1851 3020 putave-

256 3049 366 3132 rimus,
387 3046 472 3114 baud
500 3047 597 3114 dubie
626 3057 732 3113 tamen
759 3046 877 3134 gaudio
905 3047 1036 3114 affectus
1065 3058 1122 3131 est,
1151 3069 1246 3135 quum
1275 3047 1446 3113 Caesarem
1477 3049 1601 3115 audiret
1620 3049 1852 3120 adventantem.

256 3166 289 3232 ls
319 3169 403 3232 enim
424 3178 560 3234 exeunte
581 3189 688 3232 mense
717 3165 895 3255 Septembri
917 3165 1052 3233 navibus
1072 3167 1246 3262 Tarentum
1273 3167 1447 3256 appulerat,
1474 3169 1548 3235 inde
1574 3171 1714 3237 terrestri
1742 3174 1852 3240 itinere

258 3284 459 3352 Brundisium
486 3287 608 3375 petivit,
636 3297 671 3352 ut
699 3288 751 3352 sia
778 3287 884 3375 Appia
911 3287 1042 3353 Romam
1071 3298 1227 3376 pergeret.
1279 3286 1393 3353 Cicero
1422 3286 1547 3354 obviam
1576 3292 1606 3356 ei
1632 3291 1793 3358 festinavit
1820 3303 1853 3359 et

258 3401 475 3472 liberalissime
497 3417 649 3492 exceptus
671 3417 730 3472 est.
774 3405 894 3473 Caesar
915 3408 999 3472 enim
1019 3417 1054 3472 ut
1072 3405 1166 3494 longe
1189 3416 1261 3473 ante
1283 3406 1361 3473 alios
1383 3430 1452 3474 cum
1475 3429 1639 3474 occurrere
1659 3409 1748 3494 vidit,
1769 3433 1850 3500 equo

258 3522 422 3591 descendit
443 3537 475 3592 et
495 3525 643 3592 salutavit
664 3547 797 3613 cumque
819 3547 856 3592 eo
879 3525 944 3592 solo
968 3526 1147 3614 colloquens
1168 3526 1267 3592 multa
1287 3527 1390 3593 stadia
1411 3531 1573 3616 processit.
1616 3529 1668 3595 De
1690 3529 1852 3598 Ciceronis

258 3645 411 3732 dignitate
432 3643 510 3710 nihil
531 3645 706 3711 detractum
737 3657 800 3729 cst3
828 3645 968 3712 malebat
995 3648 1078 3712 enim
1107 3645 1228 3713 Caesar
1258 3646 1387 3732 babere,
1415 3650 1469 3735 qui
1496 3648 1615 3736 gloriae
1643 3671 1719 3716 suae
1748 3662 1853 3718 essent

256 3785 441 3852 praecones,
463 3785 557 3852 quam
578 3763 743 3852 proscribi,
765 3764 1002 3852 quibuscunque
1023 3765 1086 3833 ulla
1106 3781 1200 3832 antea
1223 3766 1327 3832 luerat
1353 3767 1531 3834 auotoritas.
1574 3769 1743 3835 Praeterea
1771 3791 1852 3858 quae

258 3893 306 3950 est
325 3886 468 3968 victoria,
496 3885 523 3948 si
545 3884 719 3971 triumphus
740 3906 804 3949 non
823 3885 987 3950 nisiinter
1008 3883 1221 3971 sepulcrorum
1244 3884 1426 3952 solitudines
1446 3897 1551 3973 potest
1571 3887 1751 3955 celebrari?

384 4003 496 4070 Cicero
517 4015 683 4092 postquam
715 4025 785 4070 cum
808 4001 945 4068 Caesare
967 4006 999 4070 in
1020 4003 1154 4092 gratiam
1175 4003 1279 4089 rediit,
1300 4006 1394 4070 etiam
1415 4007 1448 4071 in
1462 4004 1593 4090 Urbem,
1620 4011 1707 4096 cujus
1729 4008 1852 4076 deside

257 4124 305 4190 rio
321 4126 390 4212 jam
411 4123 528 4190 dudum
549 4124 723 4208 tenebatur,
744 4123 966 4190 revertendum
987 4122 1048 4190 sibi
1069 4123 1210 4212 putabat
1260 4122 1325 4189 Sed
1346 4147 1449 4190 rerum
1475 4124 1669 4214 publicarum
1688 4139 1852 4216 pertaesus

257 4243 300 4309 ad
321 4243 434 4309 artium
457 4242 562 4309 studia
583 4265 616 4308 se
639 4245 794 4309 convertit
814 4263 1028 4330 summamque
1049 4242 1265 4332 philosophiae
1287 4245 1527 4331 pertractandae
1553 4268 1682 4334 operam
1712 4247 1849 4315 dandam

260 4364 430 4430 constituit.
474 4361 638 4444 Quaeres
662 4371 697 4428 ut
717 4362 829 4429 melius
851 4362 987 4448 cederet,
1009 4366 1125 4429 arctius
1148 4364 1191 4430 Μ.
1212 4365 1362 4430 Terentio
1383 4365 1518 4430 Varroni
1548 4387 1581 4432 se
1609 4368 1782 4456 conjunxit,
1808 4368 1851 4434 ad

261 4504 354 4571 quem
376 4481 529 4570 plurimae
557 4479 708 4570 epistolae
736 4482 797 4549 hoc
824 4490 965 4571 ternpore
993 4484 1189 4573 conscriptae
1217 4490 1353 4552 exstant.
1400 4485 1441 4550 Ei
1470 4482 1587 4570 scribit,
1614 4506 1657 4570 se,
1685 4495 1852 4575 postquam

257 4577 290 4668 in
322 4601 434 4668 urbem
465 4603 596 4687 venerit,
628 4601 748 4667 redisse
779 4623 850 4668 eum
880 4602 1042 4668 veteribus
1073 4603 1190 4687 amicis,
1212 4604 1231 4668 i.
1254 4624 1282 4668 e.
1316 4625 1386 4669 cum
1416 4602 1504 4670 libris
1536 4605 1609 4688 suis,
1642 4606 1675 4671 in
1706 4607 1851 4694 gratiam.
