4356 5300
1041 367 1075 379 ’.μ
1093 365 1135 380 .th
1147 365 1200 380 &artu
1226 365 1241 378 ΙΙ

334 473 499 542 Ciceronis
528 481 698 546 sententia·
714 503 758 549 en
788 491 917 548 renatus
946 485 1089 550 consulto
1116 484 1216 554 hostis
1239 487 1402 573 judicatus
1432 503 1518 558 esset
1538 493 1705 578 Artemius,
1737 499 1806 564 nisi-
1823 499 1952 572 Saluius

334 593 479 664 tribunus
501 596 603 684 plebis
626 623 693 664 rem
714 601 872 687 integram
898 602 930 665 iu
954 602 1125 670 crastinum
1148 603 1268 674 differri
1290 609 1451 694 jussisset.
1495 611 1568 693 Qua
1597 614 1823 684 intercessione
1853 641 1950 705 quum

333 727 459 784 senatus
483 715 689 789 vehementer
711 719 938 804 concitareturr
968 731 1076 788 tamen
1097 724 1251 811 suffragia
1272 749 1310 792 co
1333 726 1386 794 die
1409 728 1510 798 dilata
1532 743 1613 798 scrut.
1658 733 1703 798 At
1731 734 1878 812 laudatus
1901 749 1951 806 est

333 853 374 897 ex
403 845 531 900 senatus
561 836 702 906 consulto
730 837 971 924 bronurius,
1001 841 1087 928 quod
1114 842 1220 908 Gallia
1248 863 1311 912 noir
1342 846 1534 914 decessisset
1560 852 1710 938 Antonio,
1741 853 1949 944 additumque

333 949 473 1038 decreto,
500 965 534 1018 nt
556 977 627 1022 cum
649 955 753 1025 Hirtio
776 970 809 1022 et
829 958 935 1026 Pausa
962 962 1032 1046 puri
1059 963 1196 1048 imperio
1218 965 1415 1035 Octavianus
1440 981 1604 1056 praeesset
1624 971 1673 1053 iis,
1702 995 1783 1058 quas
1807 975 1948 1059 baberet,

332 1074 431 1159 copiis
454 1081 486 1136 et
507 1084 620 1141 aurata
641 1075 671 1140 ei
686 1087 856 1162 poneretur
875 1088 982 1148 staura
995 1082 1249 1170 sententiamque
1263 1086 1347 1150 inter
1362 1085 1545 1156 consulares
1563 1087 1686 1156 diceret
1707 1101 1741 1156 et
1748 1093 1803 1177 jus
1819 1094 1950 1180 petendi

332 1191 512 1258 consulatus
533 1191 667 1260 haberet
688 1195 843 1263 decennio
866 1207 940 1264 aute
961 1208 1100 1266 aetatem
1121 1200 1294 1288 legitimam
1310 1215 1406 1290 utque
1426 1204 1552 1278 duabus
1574 1206 1635 1274 illis
1657 1208 1844 1295 legionibus,
1867 1237 1949 1300 quae

331 1309 374 1374 ad
397 1332 469 1375 eum
491 1313 691 1398 noscerent,
713 1315 898 1394 donativum
921 1317 1111 1396 redderetur
1130 1341 1175 1384 ex
1195 1323 1329 1388 aerario.

458 1430 532 1512 Qus
552 1436 709 1500 sententia
730 1435 853 1523 perlata
875 1459 971 1523 quum
997 1459 1096 1525 prope
1114 1441 1183 1526 jam
1214 1451 1248 1506 ut
1269 1439 1309 1505 de
1332 1439 1422 1508 hoste
1449 1445 1644 1531 reipublicae
1661 1450 1840 1535 judicatum
1863 1450 1948 1518 vide-

331 1558 419 1614 retur
441 1549 481 1616 de
502 1553 660 1638 Antoni03
683 1567 784 1622 trater
805 1558 873 1644 ojus
895 1567 928 1624 et
949 1579 1032 1623 uxor
1052 1579 1123 1622 cum
1145 1557 1209 1624 filio
1234 1559 1367 1646 parvulo
1397 1573 1429 1626 et
1451 1562 1626 1628 familiares.
1648 1568 1691 1630 ed
1712 1569 1810 1634 aedes
1834 1572 1948 1655 princi-

333 1689 406 1754 pem
430 1692 472 1739 ex
494 1674 705 1760 senatoribus,
727 1687 760 1740 ut
781 1689 957 1742 extremam
979 1687 1161 1744 averterent
1182 1682 1413 1763 necessitatem,
1437 1681 1665 1750 discurrebant.
1703 1685 1815 1772 Neque
1831 1689 1948 1757 l'rustra

331 1809 400 1858 earn
424 1805 619 1860 consumtum
638 1815 712 1872 osse
734 1815 874 1882 operam,
897 1797 1057 1881 cognitum
1080 1810 1138 1880 est,
1167 1819 1263 1884 quum
1293 1799 1396 1886 pridie
1419 1800 1528 1868 Nonas
1549 1803 1721 1870 lanuarias
1743 1803 1783 1868 dc
1807 1805 1945 1870 Antonio

330 1910 372 1978 nd
393 1923 539 1978 senatum
567 1913 746 1980 referretur.
792 1913 906 1980 Cicero
935 1915 1029 1998 enim,
1058 1918 1203 2002 quamvis
1230 1939 1341 1984 omncs
1366 1920 1548 1988 intenderet
1575 1923 1670 2004 vires,
1699 1921 1853 2009 impedire
1884 1944 1948 1990 non

328 2033 440 2118 potnit,
461 2033 628 2117 quominus
651 2034 809 2100 sententie
831 2032 872 2098 de
888 2033 1050 2100 mittendis
1065 2035 1107 2100 ad
1123 2037 1297 2104 Antonium
1319 2038 1442 2125 legatis,
1464 2040 1518 2124 qui
1541 2061 1613 2106 cnm
1629 2041 1784 2108 Mutinam
1800 2041 1948 2108 obsidere

331 2163 477 2217 vetarent
499 2163 532 2216 et
559 2173 617 2238 pro
641 2150 746 2217 Gallia
772 2175 899 2218 sumere
928 2153 1150 2220 Macedoniam
1173 2155 1327 2244 juberent
1355 2160 1562 2246 provinciam,
1590 2160 1799 2245 praevaleret.
1853 2161 1947 2242 Quod

329 2295 426 2358 quum
448 2273 574 2338 omnino
598 2283 708 2338 contra
731 2269 896 2338 Ciceronis
918 2271 1112 2341 voluntatem
1135 2274 1297 2342 decretum
1322 2288 1417 2360 asset,
1448 2277 1490 2344 ab
1518 2277 1656 2366 Apulejo
1687 2277 1813 2346 tribuno
1845 2278 1946 2366 plebis

327 2395 361 2459 in
391 2395 574 2458 concionem
604 2391 778 2480 productus
807 2404 900 2460 sexta
930 2395 1072 2461 oratione
1101 2395 1275 2483 philippica
1305 2397 1407 2483 primo
1442 2396 1482 2462 de
1513 2398 1672 2483 legatione
1700 2397 1743 2463 ad
1774 2399 1946 2464 Antonium

328 2515 457 2580 decreta
480 2515 637 2601 exposuit,
667 2512 783 2578 deinde
813 2513 891 2578 nibil
920 2510 1042 2600 legatos
1072 2515 1269 2601 profecturos
1297 2527 1472 2602 auguratus
1500 2516 1651 2604 populum
1683 2517 1724 2584 nd
1753 2515 1946 2604 reipublicae

329 2634 468 2701 studium
497 2633 677 2698 cohortatus
709 2643 764 2698 est
815 2633 948 2719 Legatis
976 2635 1080 2700 missis
1108 2657 1204 2720 quum
1233 2635 1275 2700 ab
1304 2636 1435 2702 Antonii
1463 2637 1573 2702 amicis
1605 2637 1688 2702 v'arii
1720 2635 1762 2702 de
1792 2657 1945 2722 responso

330 2755 435 2820 futuro
464 2774 626 2817 sermones
654 2752 851 2835 efferrentur,
880 2751 1004 2836 Cicero,
1033 2775 1074 2818 nc
1104 2775 1223 2836 eorum,
1250 2755 1304 2840 qui
1334 2775 1445 2842 parum
1477 2753 1539 2820 sibi
1568 2765 1758 2834 constarent,
1788 2755 1884 2818 enimi
1912 2756 1945 2818 in

328 2893 469 2939 errorem
498 2872 732 2952 inducerentur,
761 2873 793 2936 iu
823 2883 947 2938 senatu.
963 2874 1100 2959 septima
1128 2875 1269 2940 cretione
1299 2873 1473 2960 plrilippica
1501 2871 1602 2938 tribus
1632 2871 1673 2938 de
1701 2875 1804 2938 carreis
1834 2893 1945 2958 pacem

328 2993 486 3076 dissensit,
509 2993 585 3078 quia
605 2992 706 3077 turpis
728 3003 823 3072 esset,
844 2992 920 3078 quia
942 2991 1128 3077 periculosa,
1150 2993 1225 3078 quia
1247 3015 1317 3058 esse
1340 3015 1404 3060 non
1427 3003 1544 3080 posset.

453 3109 549 3192 Quod
572 3109 685 3175 Cicero
707 3123 882 3194 auguratus
903 3123 980 3178 erat.
1002 3108 1119 3176 iactum
1142 3123 1200 3176 ost.
1243 3111 1358 3197 Legati
1388 3133 1484 3197 quum
1514 3111 1569 3178 diu
1599 3109 1785 3194 abfuissent,
1816 3113 1945 3179 ineunte

327 3253 436 3298 menae
453 3229 628 3296 Februario
650 3227 848 3296 conditiones
858 3228 1018 3312 «tulerunt,
1033 3252 1117 3316 quae
1128 3231 1232 3317 accipi
1245 3252 1266 3295 a
1281 3243 1392 3296 senatu
1408 3230 1536 3296 omniuo
1555 3251 1620 3294 nou
1636 3244 1774 3317 possent
1819 3227 1944 3310 Quibus

328 3350 444 3416 auditis
473 3373 569 3437 quum
599 3347 673 3414 belli
702 3369 819 3414 nomen
846 3347 951 3414 multis
984 3348 1184 3416 senatoribus
1214 3348 1396 3436 displiceret
1428 3347 1640 3435 tumultusque
1673 3371 1787 3414 nomen
1816 3371 1873 3435 pro
1905 3369 1942 3414 eo

327 3470 544 3552 decernerent,
560 3467 674 3534 Cicero
696 3479 811 3534 octavo
831 3469 973 3534 oratione
997 3467 1169 3556 philippica
1199 3490 1270 3534 eam
1299 3469 1530 3534 cunctationem
1559 3470 1746 3554 exagitavit.
1790 3467 1890 3538 Simul
1910 3469 1945 3536 iu

329 3588 493 3672 Calenum,
515 3589 570 3674 qui
593 3587 634 3654 da
657 3609 736 3674 pace
758 3609 856 3673 agere
877 3608 918 3652 ne
940 3587 993 3652 illo
1016 3587 1144 3674 quidem
1176 3605 1318 3676 ternpore
1348 3585 1493 3669 desisset,
1522 3601 1555 3654 et
1582 3589 1615 3654 in
1644 3587 1731 3672 alios,
1751 3589 1815 3674 ,qui
1843 3609 1946 3658 noves

328 3709 450 3796 legatos
470 3705 643 3772 mittendos
663 3717 821 3792 putarent,
844 3719 877 3771 et
897 3707 930 3772 in
954 3707 1100 3772 Pisonem
1116 3707 1369 3796 Philippumque,
1391 3707 1446 3793 qui
1465 3701 1618 3772 mandale
1630 3707 1762 3771 Antonii
1784 3717 1943 3791 tamquam

328 3814 396 3916 ejus
419 3826 525 3912 legati,
546 3847 609 3892 ncn
632 3835 792 3911 tamqnam
814 3847 835 3890 a
856 3838 968 3892 senatu
983 3827 1072 3890 missi
1086 3825 1276 3911 retulissent,
1290 3827 1433 3892 maxima
1447 3849 1517 3896 com
1537 3824 1710 3890 acerbitate
1726 3827 1944 3892 estinvectos.
1993 3881 1996 3900 ,

328 3947 467 4013 Senatus
487 3943 664 4010 consultum
684 3942 823 4010 huncio
849 3944 981 4012 modum
1009 3949 1132 4013 censuit
1160 3944 1438 4033 perscribendum:
1466 3945 1596 4027 Eorum,
1627 3945 1682 4030 qui
1711 3966 1780 4008 cerm
1803 3945 1942 4010 rintcnic

328 4077 410 4148 sunt,
431 4066 487 4152 qui
506 4062 549 4129 ab
570 4064 667 4128 armis
690 4062 895 4128 discesserint
916 4071 990 4130 ante
1014 4059 1089 4126 idus
1111 4060 1245 4128 Martias
1272 4063 1399 4148 pnsum,
1421 4065 1460 4128 iis
1482 4062 1587 4130 tremi
1609 4085 1649 4128 ne
1679 4063 1728 4146 sit,
1755 4063 1843 4150 quod
1871 4085 1966 4128 cum.

326 4184 465 4250 Antonio
479 4183 612 4265 fuerint3
628 4183 658 4246 si
677 4183 748 4268 quis
763 4202 882 4264 eorum,
903 4181 959 4266 qni
988 4197 1059 4244 cum
1082 4180 1220 4246 Antonio
1243 4195 1327 4264 snm,
1355 4183 1476 4268 feeerit,
1504 4183 1591 4271 quod
1612 4183 1732 4250 bonore
1760 4184 1943 4270 praemiove

330 4303 463 4390 dignum
485 4323 556 4367 esse
578 4299 734 4385 videatur,
763 4301 808 4366 nti
829 4297 975 4366 consules
1005 4299 1046 4364 de
1075 4303 1143 4387 ejus
1173 4299 1293 4368 honore
1321 4304 1504 4390 praemiove
1534 4304 1638 4392 primo
1666 4325 1791 4390 quoque
1820 4301 1872 4368 die
1901 4299 1944 4368 ad

329 4433 478 4490 senatum
496 4421 655 4506 referant,
677 4423 705 4486 si
733 4420 805 4507 quis
835 4418 995 4508 posthoc
1023 4430 1152 4486 senatus
1181 4420 1358 4488 consultum
1386 4421 1428 4490 ad
1456 4423 1630 4490 Antonium
1656 4421 1817 4508 profectus
1839 4421 1942 4504 fuerit,

324 4554 454 4630 praeter
473 4541 512 4608 L.
536 4540 678 4625 Varium,
699 4551 844 4606 seuamm
865 4539 1119 4606 existimaturum
1142 4561 1214 4606 eum
1235 4552 1348 4608 nonna
1369 4540 1596 4629 rempublicam
1618 4541 1744 4608 iecisse.
