4356 5300
937 431 959 438 r·
995 427 1113 440 sss¹¹⁸¹

239 573 245 593 ‹.
355 546 464 612 Rebus
487 545 730 611 itaeonstitutis
752 556 957 631 postpauca,
982 565 1078 631 quam
1099 544 1133 607 in
1163 553 1274 608 senatu
1304 542 1345 608 de
1375 543 1549 631 honoribus
1570 545 1676 610 Servii
1704 546 1846 632 Sulpicii,

230 667 286 753 qui
307 665 340 731 in
362 664 521 752 legatione
542 663 585 728 ad
606 664 781 730 Antonium
802 673 949 751 suscepta
971 662 1055 731 dicus
1079 661 1203 728 obierat
1217 681 1407 749 supremum,
1423 681 1443 727 a
1457 663 1585 730 consule
1601 663 1733 729 relatam
1749 679 1842 744 esset,

231 783 345 851 Oicero
360 804 445 850 nona
459 784 605 849 oratione
619 781 791 870 philippica
811 781 856 847 illi
874 781 956 870 juris
978 781 1127 846 consulto·
1136 779 1344 850 celeberrimo
1357 790 1495 847 statuam
1510 782 1691 869 pedestrem
1713 802 1847 849 aeneam

230 907 264 968 in
283 905 395 970 rostris
418 903 598 988 ponendam
621 901 765 966 decrevit
785 900 943 988 facileque
964 923 1034 968 eam
1056 901 1187 988 pertulit
1207 901 1423 967 sententiam·
1518 917 1522 930 ·

356 1023 410 1088 Bx
442 1020 591 1087 omnibus
621 1022 671 1105 iis,
705 1040 789 1107 qnae
819 1019 925 1086 adbuc
955 1033 1028 1088 acta
1060 1031 1161 1100 erant,
1193 1017 1288 1085 facile
1317 1021 1457 1107 perspici
1485 1029 1619 1106 poterat,
1652 1020 1846 1108 reipublicae

229 1142 419 1211 conditioni·
436 1141 542 1206 denuo
573 1142 714 1206 maxima
744 1140 909 1204 imminere
938 1137 1087 1227 pericula.
1138 1139 1277 1226 Jamque
1305 1139 1420 1205 lterum
1450 1142 1493 1205 iu
1512 1137 1676 1206 Ciceronis
1705 1138 1846 1228 epistolis

230 1262 407 1328 demutatis
428 1259 490 1326 illi‘s
512 1259 649 1348 querelis
671 1261 884 1326 occurrimus:
906 1257 1038 1341 Vellem,
1062 1257 1172 1324 ldibus
1190 1259 1317 1324 ldartiis
1346 1279 1397 1324 me
1427 1257 1473 1323 ed·
1499 1279 1629 1324 coenam
1658 1261 1844 1344 invitassem

229 1381 432 1468 reliquiarum
465 1380 542 1445 nibil
574 1381 696 1446 luisset.
747 1379 839 1444 Nunc
867 1399 918 1442 mc
946 1377 1098 1465 reliquiae
1131 1388 1257 1442 vestrae
1289 1390 1450 1460 exercent,
1480 1398 1672 1466 quamquam
1699 1382 1845 1467 egregios

232 1500 376 1566 cormules
393 1498 557 1582 habemus,
570 1499 627 1563 sed
638 1499 836 1585 turpissimos
852 1497 1034 1562 consulares
1048 1509 1108 1563 etr.
1141 1492 1246 1580 (Fam.
1263 1497 1337 1580 Xll,
1351 1497 1395 1579 4).
1424 1497 1547 1564 Bellum
1562 1511 1689 1566 snenuc
1703 1511 1848 1587 paratum

232 1628 281 1685 cst
288 1621 420 1708 jamque
444 1621 521 1684 satis
541 1620 652 1683 firmus
675 1619 835 1682 exerdtus
858 1640 900 1681 ex
922 1613 1098 1682 delentibus
1121 1628 1323 1699 convenerat,
1344 1631 1441 1702 qaum
1464 1617 1506 1684 bl.
1529 1619 1620 1684 Bruti
1641 1618 1752 1684 literae
1775 1641 1846 1684 con-

234 1737 354 1805 sulibus
369 1739 483 1804 allatae
498 1749 581 1822 sunt,
597 1736 723 1825 quibus,
738 1758 820 1823 quae
833 1757 890 1801 sno
906 1736 1009 1800 Marte
1025 1737 1058 1800 in
1074 1734 1213 1800 Graecia
1228 1747 1259 1798 et
1274 1735 1464 1800 Macedonia
1483 1751 1594 1803 contra
1610 1737 1647 1802 0.
1663 1739 1846 1823 Antonium,

230 1859 274 1924 M.
306 1857 447 1942 tratrem,
479 1859 607 1944 egisset,
638 1859 794 1943 esposuit.
845 1855 997 1920 Recitatis
1030 1856 1063 1918 in
1093 1861 1206 1920 senatu
1235 1867 1417 1920 convocato·
1439 1855 1537 1921 literis
1559 1857 1706 1924 ¹Calenus
1734 1871 1847 1926 contra

230 1978 365 2043 Brutum
398 1979 586 2044 sententiam
619 1975 689 2041 tulit
718 1974 889 2040 admodum
919 1975 1070 2061 iniquam.
1123 1973 1226 2054 Quem
1257 1985 1291 2038 ut
1320 1971 1516 2060 infringeret,
1545 1969 1664 2042 Oicero'
1691 1977 1847 2044 decimam

231 2098 407 2162 orationem
436 2095 645 2183 'philippicam
679 2093 801 2175 babuit,
831 2117 894 2181 qua
923 2093 1037 2175 effecit,
1066 2105 1110 2176 ut,
1141 2093 1226 2180 quod
1259 2093 1377 2159 Brutus
1406 2096 1530 2180 privetu
1560 2097 1690 2163 consilio
1719 2100 1848 2186 egisset,

230 2215 359 2304 publica
390 2218 579 2295 auctoritate
609 2213 878 2302 comprobaretur.
935 2215 970 2279 ln
992 2235 1033 2278 ea
1053 2235 1088 2278 re
1110 2236 1174 2278 non
1197 2213 1298 2278 solum
1321 2213 1456 2302 publico,
1479 2215 1534 2279 sed
1557 2217 1652 2282 etiam
1676 2216 1848 2282 domestico

230 2337 304 2401 usui
325 2337 498 2422 prospeait
521 2357 618 2421 quum
639 2333 723 2398 filius
743 2336 822 2420 ejus,
844 2333 988 2417 Athenis,
1011 2331 1065 2398 ubi
1088 2331 1188 2398 literis
1211 2355 1344 2420 operum
1376 2334 1526 2418 navabat,
1549 2333 1682 2402 Brutum
1712 2347 1847 2420 secutus,

234 2456 265 2519 in
286 2455 378 2543 hujus
400 2455 490 2520 ducis
513 2455 655 2518 exercita
678 2451 777 2518 inulta
798 2477 868 2518 cum
891 2452 985 2519 leude
1008 2453 1168 2540 stipendia
1189 2467 1333 2519 mereret.

359 2573 480 2640 Eodem
510 2574 586 2655 tere,
616 2593 678 2659 quo
709 2572 769 2636 boc
798 2583 923 2658 gestum
952 2585 1011 2655 est,
1040 2584 1183 2660 tempore
1211 2575 1318 2637 nuntii
1342 2573 1382 2638 dc
1405 2573 1573 2640 Dolabella
1592 2595 1694 2640 trovas
1716 2577 1748 2641 in
1771 2578 1850 2641 Asia

233 2715 284 2760 res
309 2693 459 2758 moliente
487 2691 572 2757 allati
602 2705 682 2757 srsnt
734 2691 815 2756 llam
843 2713 941 2777 quum
970 2691 1066 2778 Syria
1097 2693 1127 2756 ei
1160 2693 1325 2780 provincia
1355 2693 1549 2780 contigisset,
1582 2697 1615 2758 in
1644 2697 1756 2760 itinere
1785 2718 1848 2762 non

234 2811 448 2896 dubitaverat,
470 2811 676 2894 Trebonium,
698 2813 802 2876 sirum
824 2809 1032 2894 consularem,
1061 2813 1115 2897 qui
1138 2813 1246 2876 Asiam
1275 2811 1451 2894 obtinebat,
1480 2813 1602 2900 perfide
1631 2814 1848 2880 crudelissimo

232 2931 386 3018 supplicio
408 2931 595 2996 interlicere.
639 2932 731 3012 Quae
752 2933 814 2995 riri
832 2933 1024 3017 praestantis
1046 2930 1179 3018 indigna
1200 2953 1264 2996 nex
1280 2933 1391 3020 optimi
1405 2934 1558 3019 cujusque
1573 2933 1652 2998 iram
1668 2937 1849 3016 coneitavit,

232 3051 340 3138 itaque
371 3051 470 3114 hostis
496 3072 517 3114 a
546 3057 660 3113 senatu
683 3047 847 3137 judicatus
877 3060 936 3114 est.
985 3050 1051 3115 Sed
1080 3071 1177 3138 quum
1199 3061 1417 3137 quaereretur,
1447 3053 1496 3116 oui
1519 3052 1681 3117 vindictae
1702 3055 1849 3141 publicae

232 3190 329 3234 causa
344 3170 609 3252 committeretur3
625 3169 800 3232 sentcntiae
816 3170 848 3233 in
864 3169 969 3233 varias
984 3177 1092 3256 partes
1106 3169 1264 3236 abierunt.
1305 3169 1423 3235 (licere
1443 3171 1519 3257 quid
1537 3179 1688 3254 censeret,
1705 3176 1847 3239 oratione

232 3289 404 3376 philippica
430 3288 601 3354 undecima
621 3287 778 3352 exhibuit.
823 3289 938 3353 Cassio
960 3290 1043 3354 enim
1066 3299 1097 3353 et
1119 3289 1229 3354 Asiam
1259 3291 1454 3375 provinciam
1483 3291 1725 3374 decernendam,
1753 3315 1847 3380 quam

233 3427 291 3473 sua
323 3417 438 3494 sponte
459 3409 528 3494 jam
559 3415 782 3497 occupaverat,
813 3416 846 3472 et
876 3407 1062 3472 Dolabellae
1084 3408 1299 3494 persequendi
1328 3431 1443 3474 munus
1474 3403 1662 3476 tradendum
1679 3411 1848 3498 judicavit.

233 3525 325 3610 Quae
348 3527 505 3590 sententia
527 3528 673 3612 quamvis
694 3549 757 3591 nou
780 3548 828 3612 eo,
851 3549 915 3607 quo
939 3529 1102 3592 enuntiata
1124 3535 1202 3610 erat,
1225 3525 1277 3592 die
1300 3529 1385 3594 vicit.
1430 3601 1434 3610 ,

358 3645 431 3710 dam
448 3643 534 3708 haud
556 3643 676 3730 exigua
697 3647 772 3710 anni
787 3653 877 3732 parte
901 3645 1039 3710 consiliis
1061 3645 1226 3733 rapiendis
1241 3657 1356 3712 exacta
1371 3647 1497 3712 tandem
1518 3647 1690 3736 aliquando
1705 3651 1849 3715 eonsules

234 3773 266 3828 et
280 3762 477 3829 Octavianus
499 3785 570 3827 cum
593 3765 736 3826 exercitu
760 3773 870 3828 contra
894 3765 1065 3828 Antonium
1089 3766 1262 3852 profecturi
1284 3767 1484 3832 videbantur.
1529 3768 1565 3832 ld
1587 3791 1628 3833 ne
1643 3771 1742 3854 fieret,
1757 3771 1851 3834 veriti

234 3881 365 3948 Antonii
386 3884 480 3950 amici
503 3892 535 3946 et
556 3881 729 3947 familiares
751 3903 927 3947 moerorem
950 3883 1137 3948 affectantes
1159 3907 1260 3950 novos
1283 3885 1323 3950 de
1346 3905 1425 3973 pare
1445 3909 1608 3952 sermones
1631 3887 1850 3954 venditabant.

221 3999 303 4065 ·Nec
323 3981 481 4065 incassum
503 4001 536 4065 id
558 4002 711 4068 fecerunt.
756 4002 941 4066 Sententiae
963 4005 1109 4068 enimin
1132 4013 1246 4069 senatu
1267 4013 1342 4070 eunt
1370 4005 1484 4090 dictae,
1512 4015 1549 4071 ut
1577 4007 1673 4094 legati
1702 4007 1746 4072 ele
1772 4029 1852 4096 pace

234 4118 277 4184 ad
292 4122 464 4184 Antonium
481 4121 681 4185 mitterentur
703 4120 857 4186 Servilius
869 4129 912 4186 ·et
927 4121 1051 4190 Oioeru.
1097 4123 1161 4189 Sed
1185 4146 1260 4189 mox
1283 4125 1374 4190 dolus
1394 4125 1496 4190 malus
1519 4147 1638 4209 eorum,
1661 4129 1716 4214 'qui
1738 4148 1851 4214 pacem

224 4239 425 4321 suadebant,
446 4246 631 4324 perspectus
654 4248 711 4308 est.
756 4239 878 4321 Quare
901 4240 1084 4328 indignatus
1108 4242 1221 4307 Cicero
1242 4244 1276 4308 in
1298 4253 1409 4309 senatu
1433 4248 1608 4312 orationem
1631 4245 1851 4313 duodecimam

236 4359 438 4447 philippicam
462 4356 582 4440 babuit,
605 4381 669 4445 qua
691 4359 956 4447 docereturque
979 4363 1107 4425 omnino
1129 4362 1251 4448 legatos
1273 4363 1445 4429 mittendos
1467 4385 1547 4448 esse,
1571 4387 1669 4452 quum
1685 4369 1753 4455 Jam
1775 4371 1853 4434 satis

236 4478 418 4566 respublica
438 4477 619 4544 detrimenti
650 4475 817 4542 debilitato
838 4479 947 4566 populi
975 4478 1091 4545 ardore
1113 4500 1156 4546 ex
1177 4481 1289 4568 legatis
1312 4482 1449 4550 decretis
1471 4481 1632 4569 traxisset,
1654 4508 1757 4574 neque
1785 4489 1858 4554 fieri

238 4619 340 4685 porse,
357 4600 474 4686 utipsc
495 4596 573 4662 illud
596 4597 761 4683 legationis
785 4619 899 4663 memus
920 4597 982 4663 sibl
1005 4601 1189 4686 susciperet.
1227 4600 1269 4667 Se
1291 4604 1524 4689 enim·serriper
1539 4603 1661 4691 legatos
1682 4606 1858 4672 mittendos
