4356 5300
1028 441 1228 459 ιΛλιΛΑΙᾺΑΛΝΧΛ

318 562 413 626 etiam
444 559 598 649 Dejotsro
627 561 697 646 regi
724 560 860 624 officium
889 581 982 624 suum
1010 561 1177 646 praestitit,
1208 583 1306 648 quum
1334 565 1460 651 nepotis
1488 565 1624 653 perfidia
1657 589 1715 655 per
1748 569 1939 660 Phidippum

317 701 445 746 servum
467 679 586 744 medici
606 679 708 743 locum
731 676 928 744 obtinentem
950 677 1149 746 insimulatus
1172 690 1265 765 esset,
1288 679 1376 768 quod
1392 681 1526 752 Caesari
1553 686 1640 774 apud
1662 689 1766 774 ipsum
1796 691 1939 755 versanti

316 799 446 864 fecisset
467 798 608 864 insidias.
653 798 768 884 Legati
790 797 936 886 Dejotari
959 821 1089 866 eausam
1110 799 1152 866 ad
1175 798 1365 866 Ciceronem
1387 799 1578 888 detulerant,
1601 809 1767 896 antiquum
1792 809 1938 896 Dejotari

317 919 476 1006 hospitem
505 926 538 982 ct
566 918 713 983 amicum.
769 918 801 982 ls
833 927 983 1006 suscepta
1014 941 1112 984 causa
1143 941 1251 984 euram
1284 919 1425 985 Caesare
1457 922 1542 986 iutra
1575 923 1766 994 domesticos
1799 931 1937 1017 parietes

316 1039 505 1126 Dejotarurn
528 1035 682 1102 defendit.
726 1035 821 1118 Quod
850 1060 914 1126 quo
945 1061 1096 1105 successu
1123 1038 1244 1118 fecerit,
1277 1061 1340 1104 non
1367 1047 1511 1124 coustat;
1541 1043 1620 1106 certi
1648 1045 1733 1107 enirn
1764 1069 1803 1113 ee
1832 1048 1873 1115 de
1902 1070 1936 1114 re

316 1158 394 1226 nihil
415 1167 464 1223 est
485 1156 655 1244 proditum.
699 1156 743 1221 At
770 1180 871 1244 quum
900 1155 1015 1223 Cieuro
1045 1160 1142 1223 etiam
1169 1159 1203 1222 in
1233 1158 1374 1224 secunda
1404 1159 1547 1225 oratione
1578 1159 1750 1249 philippica
1778 1171 1937 1234 neminem

316 1279 464 1366 cuiquam
493 1276 701 1342 inimiciorem
730 1275 828 1342 fuisse
860 1275 956 1361 dieat,
985 1300 1081 1366 quam
1110 1278 1265 1365 Dejotaro
1282 1276 1471 1362 Gaesarem
1495 1300 1603 1366 quum,
1625 1301 1708 1367 quae
1729 1279 1828 1365 addit,
1850 1282 1936 1348 istud

316 1397 424 1463 odium
446 1396 612 1486 usquead
635 1395 784 1462 Caesaris
806 1405 941 1461 mortem
963 1397 1181 1462 continuatum
1207 1417 1277 1461 esse
1299 1397 1451 1462 innuant:
1481 1419 1544 1462 non
1574 1410 1632 1482 est,
1662 1398 1749 1486 quod
1779 1407 1935 1488 putemus,

318 1517 484 1584 Ciceronis
515 1539 573 1604 pro
606 1526 718 1583 vetere
749 1516 874 1603 hospite
907 1537 1037 1603 operam
1070 1514 1206 1580 feliciter
1239 1517 1381 1582 cessisse.
1437 1515 1530 1599 Qtrae
1559 1527 1664 1583 mmen
1693 1541 1745 1583 res
1773 1541 1838 1584 non
1866 1527 1937 1584 erat

318 1637 556 1726 impedimento,
579 1638 749 1724 quominus
770 1633 893 1701 Caesar
922 1645 1080 1722 pergeret,
1109 1657 1288 1723 propensae
1317 1637 1350 1700 in
1380 1633 1568 1703 Ciceronem
1596 1637 1769 1704 voluntatis
1797 1641 1935 1725 speciem

316 1759 565 1848 praeseferre.
609 1756 694 1838 Quin
715 1753 796 1823 adiit
817 1757 913 1820 etiam
936 1777 1009 1820 eum
1035 1756 1066 1818 in
1090 1752 1264 1820 Puteolano
1292 1755 1434 1842 praedio,
1464 1779 1563 1845 quum
1593 1757 1690 1846 Bajas
1719 1760 1779 1822 iter
1805 1758 1935 1841 faceret,

316 1881 417 1944 tertiis
440 1874 662 1944 Saturnalibus
683 1878 704 1942 i.
726 1897 755 1942 e.
777 1874 864 1939 haud
885 1875 931 1939 ita
952 1873 1052 1939 multo
1075 1873 1245 1961 postillam
1260 1875 1601 1942 orationemhabitam.
1644 1876 1726 1942 Erat
1739 1879 1774 1942 in
1788 1897 1935 1942 sermone

315 1997 496 2064 anecdotor
517 1994 621 2072 oridia,
643 1994 729 2061 haud
751 1993 858 2078 dubie,
880 1995 958 2083 quia
979 1993 1172 2059 alteralteri
1194 2003 1361 2082 suspectus
1382 2003 1461 2078 crat,
1483 1994 1539 2059 sed
1561 1995 1724 2082 spriritum
1745 1996 1855 2062 multa.

444 2117 487 2181 At
509 2115 562 2182 illo
585 2124 726 2202 tempore
748 2122 816 2179 tota
836 2111 1018 2199 respublica
1033 2113 1102 2201 jam
1130 2112 1205 2179 belli
1227 2113 1366 2180 Parthici
1395 2122 1428 2179 et
1450 2114 1689 2201 exspectatione
1719 2123 1752 2178 et
1778 2124 1935 2202 apparatu
1974 2103 1977 2110 ’

317 2245 389 2304 erat
410 2243 577 2301 commota.
621 2231 749 2318 Caesar,
766 2235 805 2301 V.
828 2233 965 2298 dictator
986 2243 1018 2298 et
1041 2232 1160 2317 consul,
1183 2232 1336 2322 collegam
1359 2233 1421 2299 sibi
1443 2233 1530 2298 eluse
1553 2231 1721 2298 Dolabella
1742 2232 1935 2321 adjunxerat

315 2355 361 2420 M.
383 2355 566 2436 Antonium,
588 2354 746 2419 hominem
769 2353 928 2440 perditum
951 2363 984 2418 et
1005 2375 1080 2418 aere
1102 2353 1205 2418 alieno
1227 2375 1424 2440 oppressum,
1446 2352 1504 2418 sed
1526 2351 1683 2419 audacem
1708 2361 1740 2416 et
1765 2351 1808 2418 ad
1830 2355 1936 2418 omnia

316 2473 465 2541 audenda
485 2483 644 2561 paratum.
687 2473 758 2538 Tali
780 2474 864 2537 enirn
886 2474 956 2537 viro
979 2472 1022 2538 ad
1042 2495 1091 2556 ea,
1113 2494 1196 2560 quae
1219 2481 1438 2560 proposuerat,
1460 2472 1668 2560 exsequenda
1697 2473 1726 2537 ci
1748 2494 1829 2560 opus
1858 2483 1936 2540 erat

320 2594 458 2684 Reliqua
479 2604 514 2658 ut
536 2595 814 2676 constituerentur,
836 2591 992 2658 Kalendis
1013 2592 1177 2659 ianuariis
1199 2593 1275 2658 anni
1304 2594 1367 2658 tto
1394 2613 1504 2657 omnes
1533 2600 1698 2657 senatores
1727 2595 1761 2658 in
1790 2601 1935 2658 senatum

319 2716 421 2781 coacti
442 2724 525 2779 sunt.
569 2713 637 2778 Nec
658 2711 770 2778 tien-0
792 2713 824 2776 in
847 2733 967 2795 eorum,
990 2713 1045 2799 qui
1068 2713 1173 2778 vocati
1196 2721 1297 2796 erant,
1318 2733 1450 2778 numero
1473 2712 1583 2778 debrit.
1627 2710 1756 2792 Caesar,
1782 2723 1818 2777 ut
1839 2715 1935 2778 etiam

316 2835 423 2900 futuro
445 2835 582 2921 tempori
605 2831 798 2919 provideret,
820 2831 970 2914 ostendit,
993 2853 1027 2896 se
1050 2833 1138 2920 prius
1162 2854 1259 2920 quam
1274 2832 1537 2918 proficisceretur,
1553 2829 1755 2896 Dolabellam
1774 2831 1937 2896 consulem

316 2977 388 3020 esse
404 2957 578 3043 jussurum.
622 2955 716 3016 Anno
740 2954 798 3017 ltl
825 2949 963 3016 Hirtium
987 2958 1020 3016 et
1041 2951 1186 3034 Pansam,
1208 2973 1293 3016 anuo
1310 2953 1371 3017 712
1393 2950 1472 3016 Dee.
1488 2949 1624 3016 Brutum
1646 2959 1679 3014 et
1693 2949 1845 3017 Plancum
1864 2974 1937 3017 eon·

317 3074 402 3140 eules
425 3073 616 3159 designavit.
660 3070 739 3136 lnde
762 3070 803 3137 ab
827 3093 864 3135 eo
889 3078 1032 3158 tempore
1055 3069 1167 3136 rabido
1189 3069 1331 3159 quodam
1352 3070 1458 3137 furore
1477 3070 1543 3136 fato
1567 3071 1743 3135 imminenti
1757 3093 1792 3136 se
1808 3070 1937 3136 obviam

318 3193 440 3259 effudit
486 3191 680 3258 Potestatem
702 3192 787 3254 enim
809 3193 933 3278 regiam
962 3213 1062 3280 quum
1092 3188 1213 3255 dudum
1241 3197 1374 3273 teneret,
1398 3191 1468 3279 jam
1497 3192 1593 3255 etiam
1622 3211 1739 3256 nomen
1766 3189 1938 3256 affectabat
1986 3184 1988 3194 '

316 3314 451 3400 regium.
494 3309 668 3376 Referebat
688 3286 781 3394 seire,¹
801 3310 880 3398 quid
902 3311 1038 3399 populus
1060 3333 1214 3399 passurus
1236 3320 1330 3375 esset.
1374 3292 1415 3374 Ei
1437 3312 1484 3374 rei
1507 3309 1666 3375 Antonius
1688 3331 1779 3374 suam
1807 3331 1938 3398 operam

319 3409 498 3515 obtulerat,
526 3429 652 3496 sedenti
680 3431 764 3494 euim
785 3431 819 3496 in
840 3433 951 3498 rostris
973 3430 1196 3520 Lupercalium
1225 3429 1278 3495 die
1307 3432 1375 3520 ipse
1397 3429 1564 3520 Lupercus
1592 3429 1742 3495 diadema
1770 3429 1938 3515 obtulerat,

318 3561 352 3617 et
372 3573 470 3640 quum
492 3572 513 3615 a
534 3548 672 3615 Caesare
693 3557 845 3639 percepta
868 3550 977 3639 populi
998 3550 1218 3637 indignatione
1240 3549 1274 3614 id
1296 3557 1476 3615 recusatum
1507 3558 1600 3634 esset,
1631 3549 1772 3615 adscribi
1796 3552 1966 3638 jusseratt

318 3673 351 3737 in
379 3672 469 3736 fastis
490 3669 533 3735 ad
554 3669 753 3758 Lupercalia,
776 3665 814 3735 (l.
836 3667 977 3754 Caesari,
1008 3669 1157 3736 dictatori
1185 3677 1351 3758 perpetuu,
1379 3668 1421 3734 Μ.
1445 3667 1620 3735 Antonium
1643 3669 1807 3735 consulem
1828 3668 1938 3759 populi

313 3793 408 3880 jussu
441 3811 574 3877 regnum
604 3789 774 3867 detulisse,
802 3789 974 3856 Caesarem
1005 3791 1049 3855 uti
1079 3790 1228 3856 noluisse.
1280 3790 1374 3873 Quod
1405 3789 1566 3879 monsedo
1596 3769 1745 3872 haberet,
1775 3789 1937 3876 cognitum

319 3921 379 3997 est,
400 3933 501 4000 quum
533 3907 653 3976 Caesar
685 3909 829 3977 tribunos
862 3910 975 4000 plebis,
1004 3933 1025 3975 a
1053 3909 1179 3998 quibus,
1209 3912 1265 3998 qui
1293 3913 1362 3998 ejus
1393 3917 1520 3976 statuae
1549 3911 1692 3975 lauream
1721 3909 1802 3975 albis
1830 3909 1938 3976 fasciis

321 4032 529 4096 intertextam
552 4032 779 4119 imposuerant,
801 4033 833 4095 in
857 4051 1018 4096 carrerem
1041 4037 1134 4095 erant
1154 4032 1301 4118 conjecti,
1317 4031 1507 4116 magistratu
1522 4036 1555 4096 et
1569 4039 1683 4095 senatu
1698 4029 1936 4096 submovendos

320 4158 456 4215 curaret
500 4150 573 4214 Huc
594 4152 738 4234 accessit,
760 4151 846 4238 quod
868 4152 901 4214 in
923 4148 1087 4237 Sibyllinis
1109 4148 1199 4214 libris
1221 4148 1383 4214 oraculum
1404 4150 1570 4216 inventum
1587 4159 1645 4234 est,
1659 4152 1723 4216 nisi
1737 4151 1825 4240 regis
1840 4150 1939 4215 ductu

320 4292 342 4334 a
363 4269 515 4334 Romanis
538 4268 672 4334 Parthos
693 4291 759 4336 non
787 4292 882 4358 posse
909 4269 1025 4356 subigi.
1077 4268 1168 4351 Quae
1198 4268 1276 4356 quid
1304 4267 1365 4334 sibi
1396 4269 1524 4354 vehent,
1554 4269 1647 4336 facile
1676 4271 1786 4358 patuit.
1837 4269 1940 4334 Facta

320 4399 367 4454 est
397 4390 495 4476 igitur
523 4389 699 4476 conjuratio
726 4389 997 4455 nobilissimorum
1019 4391 1178 4478 juvenum
1210 4397 1243 4454 et
1271 4387 1392 4456 Caesar
1424 4389 1536 4456 Idibus
1568 4390 1704 4474 Martiis,
1735 4407 1836 4477 quum
1868 4399 1941 4477 post

256 4531 259 4542 ·
321 4519 471 4598 quartum
494 4509 579 4575 diem
603 4506 646 4575 ad
666 4507 785 4573 bellum
808 4509 992 4575 Parthicum
1014 4508 1173 4598 proficisci
1195 4507 1300 4593 vellet,
1322 4510 1357 4576 in
1377 4511 1466 4577 suria
1491 4510 1637 4598 Pompeji
1665 4505 1853 4574 interfectus
1882 4517 1939 4573 est.
1998 4547 2000 4552 -
