4356 5300
958 407 963 416 v.
976 403 1000 415 ιη
1027 402 1040 415 tu
1055 406 1059 414 ι
1072 403 1077 414 a
1092 403 1118 414 vra
1132 401 1157 415 ets

246 525 451 611 magistratus
478 521 541 588 sibi
576 530 811 608 prorogaretur.
854 519 898 586 Et
927 519 1014 608 quod
1040 521 1208 607 petiverat,
1237 531 1400 586 assecutus
1429 533 1486 588 cst
1531 521 1701 591 Provincia
1729 525 1869 590 excessit

241 663 274 712 a.
298 643 328 708 d.
353 643 410 708 lll.
433 640 501 706 Cal.
531 639 622 706 Sext.
652 639 689 704 L.
719 637 855 704 Aemilio
878 638 997 723 Paullo,
1019 633 1067 705 Ὅ.
1096 639 1230 706 Claudio
1258 639 1408 706 Marcello
1438 663 1517 707 coss.
1546 650 1590 718 (a.
1614 643 1677 711 704
1701 666 1731 730 p.
1756 666 1786 708 u.
1808 645 1868 728 c.);

246 761 462 830 Brundusium
485 760 632 847 pervenit
659 779 688 822 a.
711 757 741 822 d.
766 753 833 822 Vll.
859 755 930 822 Cal.
953 757 1106 824 Decemb.
1138 757 1293 827 Cicerone
1315 759 1410 826 ctiam
1439 761 1472 826 in
1493 761 1573 828 Asia
1593 772 1742 831 versante
1765 761 1869 830 Tullia

246 881 434 948 Dolabellae
457 879 573 966 nupsit,
597 900 679 966 quae
703 899 753 942 res
777 887 810 940 ut
832 899 895 942 non
911 899 1041 963 prorsus
1065 901 1106 944 ex
1127 879 1228 965 patris
1250 877 1413 945 voluntate
1437 879 1523 946 facta
1545 893 1624 965 erat,
1646 883 1692 948 ita
1713 883 1746 948 in
1761 884 1868 948 varias

245 1003 406 1071 hominurn
427 997 691 1087 reprehensiones
713 997 833 1080 incidit,
855 1019 953 1083 quum
974 1017 1074 1084 gener
1097 1008 1265 1086 suspectae
1293 997 1368 1064 fidei
1398 1010 1431 1066 et
1451 1022 1575 1066 morum
1598 1000 1797 1088 perditorum
1820 1003 1869 1066 vir

247 1144 318 1188 esse
340 1120 512 1185 videretur.
549 1119 612 1183 Pro
634 1116 730 1183 rebus
751 1119 784 1182 in
806 1117 886 1184 Asia
904 1118 1006 1203 gestis
1029 1115 1143 1183 Cicero
1165 1118 1318 1206 triumphi
1339 1119 1477 1187 bonores
1498 1120 1678 1190 affectabat.
1716 1120 1781 1202 Qui
1802 1124 1869 1210 qui-

246 1241 319 1306 dem
342 1241 372 1304 ei
394 1259 457 1302 nou
481 1237 706 1322 contigerunt,
728 1257 881 1304 concessa
902 1248 1009 1302 antem
1032 1247 1081 1302 est
1102 1236 1300 1323 supplicatio,
1330 1239 1489 1306 renitente
1512 1239 1645 1318 Catone,
1674 1241 1740 1328 qui,
1772 1263 1871 1328 quum

246 1360 394 1426 maximis
416 1359 448 1422 in
471 1368 585 1424 senatu
607 1354 797 1424 Ciceronem
820 1354 968 1424 laudibus
992 1370 1146 1440 ornasset,
1169 1356 1293 1424 laudari
1314 1358 1347 1422 in
1370 1370 1482 1425 senatu
1503 1358 1665 1424 honestius
1687 1359 1749 1426 sibi
1766 1359 1871 1425 videri

248 1478 366 1566 ajebat,
389 1497 484 1564 quam
512 1498 610 1562 agere
635 1475 819 1562 triumphos.
864 1474 916 1542 Ad
944 1473 1055 1540 urbem
1084 1479 1219 1544 accessit
1239 1476 1322 1564 prid.
1344 1475 1455 1545 Nonas
1475 1477 1646 1544 lanuarias
1676 1479 1713 1544 L.
1736 1477 1870 1544 Claudio

248 1596 409 1681 Mercede,
432 1597 469 1662 L.
492 1594 641 1662 Cornelio
663 1592 798 1660 Lentulo
822 1615 901 1658 cosa.
929 1593 971 1675 (a.
992 1617 1022 1659 u.
1046 1595 1130 1675 too).
1174 1595 1314 1662 Obviam
1344 1597 1376 1660 ei
1397 1597 1446 1662 sic
1467 1608 1516 1660 est
1536 1595 1706 1681 proditum,
1736 1609 1771 1667 ut
1792 1597 1872 1663 nihii

247 1728 357 1806 posset
376 1716 446 1781 fieri
468 1717 618 1780 ornatius.
664 1713 729 1780 Sed
751 1713 865 1780 incidit
885 1715 917 1780 in
946 1715 1048 1800 ipsam
1070 1713 1229 1780 flammam
1250 1713 1351 1780 civilis
1374 1715 1557 1780 discordiae
1584 1714 1635 1778 vel
1657 1716 1762 1802 potius
1785 1715 1870 1800 belli,

249 1849 285 1904 nt
306 1839 374 1924 ipse
397 1835 604 1923 praesagiens
626 1832 711 1898 dicit.

400 1960 437 2031 2.
461 1960 519 2030 Ite
546 1957 730 2029 cicerone
756 1957 878 2050 primo
904 1957 998 2028 belli
1022 1957 1148 2030 civilis
1171 1963 1345 2048 tempore
1371 1957 1413 2028 in
1436 1959 1555 2032 Italia
1580 1961 1718 2032 reside.

612 2087 632 2140 Α
653 2103 740 2142 mense
757 2085 882 2142 Jannario
900 2101 983 2156 nsque
1000 2085 1035 2140 ad
1053 2103 1165 2142 mensem
1181 2086 1307 2141 Sextilem
1324 2088 1387 2140 anni
1406 2103 1429 2142 n.
1449 2089 1506 2142 705.

377 2193 490 2258 Cicero
514 2192 546 2256 in
571 2191 682 2256 urbem
704 2190 853 2268 redierat,
875 2192 909 2256 in
930 2213 995 2278 qua
1016 2211 1094 2277 prae
1116 2192 1230 2258 ceteris
1252 2190 1369 2256 florere
1389 2192 1500 2258 solitus
1522 2203 1601 2259 erat.
1645 2193 1712 2260 Sed
1734 2216 1774 2258 ea
1795 2195 1871 2260 urbs

251 2335 365 2403 parum
386 2312 502 2378 laetam
524 2311 672 2376 redeunti
702 2311 815 2376 saniem
845 2309 1031 2396 praebebat
1074 2309 1149 2376 Jam
1172 2311 1256 2376 enim
1278 2333 1375 2396 quum
1398 2311 1583 2400 Pompejum
1609 2335 1630 2378 a
1663 2312 1872 2380 d.1v.tdus

251 2431 371 2498 Decbr.
400 2432 613 2515 convenisset,
641 2431 747 2494 omnia
774 2429 816 2494 ad
841 2428 956 2494 beilum
983 2449 1116 2515 vergere
1146 2428 1311 2494 intellexit.
1356 2426 1393 2494 ln
1421 2428 1482 2494 hoc
1503 2429 1687 2508 discrimine
1715 2430 1757 2499 ab
1781 2432 1871 2496 initio

251 2553 364 2620 Cicero
393 2551 535 2616 neubius
566 2550 667 2637 partis
689 2571 758 2614 esse
786 2547 925 2632 volebat,
952 2550 1070 2636 quippe
1092 2548 1156 2633 qui,
1178 2570 1273 2633 quum
1296 2549 1460 2634 utrimque
1482 2559 1626 2619 uteretur
1647 2551 1872 2638 familiaritate,

252 2695 288 2740 se
317 2693 427 2758 pacem
457 2671 540 2734 inter
570 2669 757 2755 Pompejum
785 2665 1021 2748 Caesaremque
1057 2665 1225 2731 conciliare
1255 2688 1350 2752 posse
1379 2679 1533 2754 speraret.
1580 2671 1662 2736 Pace
1691 2673 1775 2736 enirn
1796 2695 1873 2758 prae

253 2792 368 2858 ceteris
390 2811 472 2878 opus
494 2809 564 2852 esse
586 2787 793 2874 intelligebat,
815 2810 857 2852 ex
878 2788 1013 2852 victoria
1034 2804 1131 2872 quum
1153 2784 1251 2850 multa
1271 2785 1365 2869 mala,
1389 2797 1454 2852 tum
1476 2796 1561 2852 certe
1585 2798 1754 2874 tyranuum
1776 2791 1872 2856 exsti·

252 2925 368 2982 turum.
405 2913 489 2976 Tota
510 2906 640 2994 quidem
662 2905 793 2970 vivendi
816 2913 848 2970 et
870 2906 1033 2992 cogitandi
1054 2908 1177 2972 ratione
1194 2904 1306 2970 Cicero
1328 2907 1429 2991 magia
1451 2906 1494 2972 ad
1515 2907 1659 2996 Pompeji
1682 2918 1789 2998 partes
1811 2917 1873 2975 tra·

252 3034 397 3100 bebatur.
434 3032 605 3115 Nunquam
628 3027 712 3092 enim
734 3028 932 3112 optimatium
955 3035 1063 3112 partes
1084 3048 1149 3090 non
1164 3047 1288 3090 summa
1309 3047 1380 3090 cum
1394 3025 1552 3092 industria
1567 3036 1637 3096 erat
1650 3029 1759 3112 tuitus,
1783 3028 1873 3094 Pom-

254 3157 328 3243 pejo
350 3151 562 3219 familiaritate
583 3145 742 3228 addictus,
765 3145 975 3212 admiratione
997 3145 1165 3213 devinctus
1188 3155 1267 3228 erat,
1289 3162 1389 3228 quum
1410 3167 1432 3210 a
1454 3141 1604 3213 Caesaris
1626 3146 1740 3214 studiis
1764 3146 1804 3210 de
1826 3169 1875 3212 re

255 3273 383 3360 publica
399 3273 467 3360 jam
490 3291 510 3334 a
531 3266 748 3354 conjuratione
771 3261 958 3330 Catilinaria
979 3266 1135 3352 susceptis
1158 3270 1375 3330 revocaretur.
1409 3265 1517 3347 Atque
1533 3273 1639 3330 tamen
1661 3274 1751 3330 erant
1766 3264 1874 3350 multa,

255 3412 341 3476 quae
362 3389 415 3454 vel
436 3389 509 3454 huic
535 3385 722 3451 adversario
751 3405 822 3450 eum
852 3383 1038 3474 deligerent.
1081 3381 1161 3450 Erat
1189 3391 1296 3470 capnt,
1318 3381 1405 3465 quod
1436 3379 1566 3448 Caesari
1592 3381 1740 3469 debebat,
1770 3404 1875 3470 neque

258 3510 383 3578 solvere
404 3513 563 3596 potuerat,
593 3511 663 3570 erat
690 3501 860 3568 Dolabella
880 3526 990 3591 gener,
1018 3510 1089 3570 erat
1110 3501 1267 3586 Caesaris,
1297 3518 1381 3584 quae
1411 3493 1588 3586 dicebatur,
1619 3523 1691 3568 cum
1720 3499 1875 3568 Cicerone

256 3629 406 3696 amicitia.
449 3625 562 3707 Neque
585 3621 777 3688 mediocrem
800 3619 921 3690 Caesar
948 3644 1077 3710 operam
1103 3623 1243 3705 navavit,
1273 3629 1306 3686 ut
1330 3630 1437 3688 tantae
1465 3623 1663 3686 auctoritatis
1688 3623 1793 3686 virum
1821 3631 1878 3686 aut

257 3748 321 3816 sibi
342 3747 561 3834 conjungeret,
582 3752 638 3807 aut
659 3749 695 3804 ut
715 3743 814 3827 partis
838 3763 908 3806 csse
930 3741 1026 3808 vellet
1048 3743 1190 3808 neutrius
1213 3750 1426 3828 permoveret.

387 3863 526 3930 inierant
546 3863 768 3948 magistratum
794 3863 869 3927 novi
891 3861 1046 3946 consules,
1075 3860 1189 3932 allatae
1215 3867 1307 3926 erant
1331 3860 1472 3925 minaces
1488 3855 1642 3925 *Caesaris
1669 3859 1879 3925 adsecutum

258 3985 379 4068 literar,
401 3981 592 4070 aufugerant
613 3978 655 4044 ad
678 3975 850 4046 Caesarem
870 3983 965 4046 amici
986 3984 1056 4070 ejus
1077 3981 1248 4063 Antonius,
1270 3975 1377 4058 Curio,
1401 3973 1539 4060 Cassius,
1565 3996 1664 4060 quum
1686 3979 1879 4064 consulibus,

260 4101 472 4191 praetoribus,
494 4099 639 4181 tribunis,
662 4099 880 4168 consularibus
902 4100 1048 4168 omnibus
1069 4100 1148 4166 viris
1168 4098 1332 4184 negotium
1354 4103 1441 4160 esset
1462 4093 1580 4180 datum,
1604 4105 1639 4164 ut
1660 4098 1815 4181 viderent,
1838 4117 1878 4162 ne

261 4219 341 4305 quid
361 4220 544 4308 respublica
565 4218 747 4286 detrimenti
769 4229 908 4307 caperet,
931 4219 1082 4306 expulsos
1111 4239 1181 4282 sese
1207 4213 1353 4302 neglecta
1378 4215 1519 4302 ipsorum
1540 4218 1768 4284 intercessione
1791 4215 1879 4280 dicti-

262 4347 376 4408 tantes.
419 4339 541 4426 Maiore
571 4357 735 4422 nunqnam
763 4341 795 4404 in
823 4337 962 4425 periculo
990 4335 1190 4425 respublicae
1212 4333 1359 4400 Ciceroni
1386 4343 1515 4402 versata
1544 4357 1615 4414 esse
1637 4333 1825 4416 videbatur;
1849 4341 1882 4398 et

262 4472 349 4528 recte
371 4459 405 4526 id
428 4458 566 4544 quidem.
604 4459 740 4524 Servata
762 4457 846 4523 enim
869 4456 1024 4524 libertatis
1046 4456 1152 4540 specie
1168 4454 1350 4539 respublica
1370 4454 1515 4522 Romana
1529 4453 1623 4521 unius
1638 4452 1699 4516 viri
1721 4452 1808 4518 facta
1822 4462 1880 4517 est.

264 4575 386 4644 Caesar
408 4577 598 4647 violatorum
619 4576 820 4644 tribunorum
834 4577 1024 4644 arroteritate
1045 4595 1121 4640 usus
1136 4573 1223 4641 nulla
1237 4574 1425 4658 interposita
1440 4594 1529 4638 mora
1544 4571 1742 4638 Rubiconem
1757 4573 1882 4662 trajecit
