4356 5300
1126 292 1173 370 12

1049 393 1249 414 »ΛΛΛΛΛΛΛΛΛΛ

334 516 410 584 Etsi
444 538 508 584 uon
541 515 660 584 idcirce
695 537 802 582 eorum
837 537 927 580 usum
963 511 1142 598 dimisisset,
1177 512 1263 602 qaod
1297 515 1336 580 iis
1366 529 1575 600 succenseret,
1619 519 1677 586 sed
1722 523 1808 609 qued
1837 546 1947 592 eorum

339 660 375 704 se
407 635 610 725 suppuderet
662 633 771 700 Videri
804 634 887 699 euim
926 632 997 716 sibi,
1038 654 1135 720 quum
1173 655 1209 698 se
1247 634 1280 698 in
1308 656 1358 698 res
1400 633 1694 704 turbulentissimas
1720 639 1946 710 infidelissimis

338 757 432 823 seeiis
454 755 642 838 demisisset,
669 754 847 842 praeceptis
875 751 999 818 illorum
1027 773 1091 818 non
1119 753 1195 817 satis
1222 753 1375 840 paruisse.
1423 750 1590 840 lgneseere
1626 756 1697 842 sibi,
1728 780 1891 840 revocare,
1911 763 1944 828 in

337 875 502 962 pristinam
530 871 816 940 consuetudinem.
840 919 848 940 .
870 917 911 938 ..
954 871 1036 936 Erat
1064 871 1161 957 igitur
1187 867 1299 937 Cicero
1327 869 1402 936 belli
1423 871 1564 938 Africani
1601 883 1742 964 tempere
1762 878 1882 944 Romae
1911 888 1943 946 et

338 993 406 1060 iere
428 993 540 1061 domus
561 1014 637 1058 suae
656 990 830 1080 parietibus
851 988 990 1056 inclusus
1013 967 1081 1054 dies
1107 989 1312 1076 transigebat.
1353 988 1454 1056 Multa
1474 992 1557 1056 enim
1581 1001 1683 1076 erant,
1699 1017 1782 1080 quae
1803 999 1941 1066 animum

338 1115 407 1202 ejus
427 1121 616 1200 pungerent.
658 1109 721 1192 Qui
748 1118 858 1198 aperte
888 1131 930 1174 ex
958 1104 1107 1175 Caesaris
1132 1109 1276 1195 partibus
1307 1116 1476 1195 steterant3
1506 1111 1661 1176 victorum
1690 1115 1853 1201 superbia,
1881 1119 1941 1184 etsi

336 1230 450 1298 nullius
481 1238 572 1297 erant
598 1231 748 1296 momenti
772 1228 923 1312 hemines,
952 1249 987 1294 se
1010 1228 1177 1316 jactabant
1205 1235 1238 1293 et
1268 1250 1386 1313 omnes,
1413 1230 1468 1317 qui
1498 1252 1570 1296 cum
1600 1230 1750 1318 Pompeje
1782 1231 1936 1320 fecerant,

335 1349 501 1416 fastidiosa
521 1348 680 1416 violabant
700 1347 875 1415 insolentia.
919 1344 1007 1414 Urbe
1029 1357 1135 1414 autem
1165 1346 1288 1432 abesse,
1310 1369 1351 1414 ne
1372 1369 1472 1416 novas
1494 1350 1720 1418 malevolorum
1742 1353 1937 1440 suspiciones

334 1478 485 1553 moveret,
506 1467 643 1535 nolebat.
685 1468 759 1535 Jam
778 1468 876 1555 igitur
896 1475 1023 1554 praeter
1046 1466 1142 1533 libros
1164 1465 1241 1555 quid
1256 1473 1335 1552 eret,
1356 1467 1441 1556 quod
1456 1491 1610 1556 oppressa
1625 1471 1729 1538 libera
1741 1471 1934 1560 reipublicae

335 1591 438 1657 forma
457 1587 518 1655 sibi
539 1587 712 1654 vindicaret
737 1589 773 1671 is,
801 1608 976 1675 perquem
1007 1584 1186 1673 respublica
1214 1608 1256 1652 ex
1285 1587 1470 1675 perniciosis
1492 1586 1745 1656 Catiliumimum
1775 1590 1877 1658 turbis
1904 1593 1937 1658 in

335 1708 513 1776 libertatem
528 1719 597 1773 erat
610 1706 753 1774 asserta?
795 1705 880 1772 Sane
896 1705 1024 1796 quidem
1039 1727 1183 1796 pugnare
1197 1713 1322 1792 poterat
1336 1717 1448 1774 eontra
1460 1709 1652 1796 reipublicae
1667 1709 1787 1776 liberae
1802 1732 1936 1798 oppres·

336 1851 433 1913 sores,
455 1827 549 1894 medo
574 1849 615 1892 ne
644 1821 868 1914 rempublicam
895 1826 980 1892 omni
1001 1847 1044 1890 ex
1072 1834 1163 1913 parte
1192 1847 1335 1892 eversam
1363 1825 1579 1894 intellexisset
1629 1827 1695 1894 Sed
1722 1837 1791 1894 erat
1820 1851 1934 1896 eversa

333 1952 399 2038 jam
419 1947 460 2015 ab
481 1969 519 2014 eo
542 1956 692 2035 tempore,
713 1968 777 2034 que
801 1966 893 2011 omne
922 1944 963 2010 de
993 1952 1059 2010 tota
1088 1945 1215 2010 civitate
1241 1944 1407 2013 arbitrium
1436 1969 1536 2034 penes
1563 1946 1701 2014 illustres
1727 1949 1934 2036 imperatores

335 2089 405 2135 esse
436 2075 593 2155 coeperat.
639 2066 686 2132 Re
718 2087 796 2131 vera
826 2067 889 2152 jam
918 2063 1037 2130 Sullam
1065 2063 1245 2152 respublica
1272 2063 1435 2130 dominum
1463 2064 1619 2132 habuerat
1648 2073 1681 2130 et
1705 2068 1786 2132 mira
1811 2075 1935 2134 tantum

332 2189 401 2276 ejus
424 2185 475 2252 vel
502 2185 703 2268 continentia,
731 2184 783 2250 vel
804 2183 927 2250 desidie
947 2184 1065 2249 factum
1087 2192 1166 2268 erat,
1195 2194 1230 2250 ut
1258 2193 1391 2252 externa
1418 2183 1572 2250 libertatis
1600 2184 1722 2272 speeies
1750 2195 1933 2252 servaretur

332 2317 386 2374 eut
409 2308 633 2373 restitueretur.
680 2303 833 2371 Absolute
855 2325 961 2368 rerum
981 2301 1194 2388 gerendarum
1215 2325 1310 2369 eursu
1331 2327 1373 2370 ex
1393 2305 1481 2392 regie
1507 2303 1670 2371 dominatu
1689 2302 1870 2390 respublica
1890 2303 1933 2372 ed

331 2425 466 2492 eundem
491 2425 612 2510 regium
634 2423 836 2508 dominatum,
856 2421 929 2488 lieet
949 2423 1075 2488 nomine
1096 2430 1225 2507 memte,
1246 2422 1381 2490 redibat.

459 2543 554 2626 Quod
574 2542 617 2609 ad
636 2541 713 2609 belli
733 2543 875 2608 Africani
894 2551 1044 2608 eventum
1064 2543 1212 2630 pertinet,
1232 2540 1416 2610 Ciceronem
1438 2544 1634 2630 exspectatio
1656 2541 1708 2606 vel
1735 2552 1837 2608 metus
1866 2563 1931 2609 non

333 2663 498 2730 fefellerat.
552 2660 671 2728 Caesar
702 2663 785 2728 enim
816 2684 913 2751 quum
944 2659 1004 2726 sub
1036 2661 1160 2727 initium
1192 2663 1268 2729 anui
1296 2662 1358 2729 708
1381 2665 1414 2728 in
1441 2662 1584 2728 Africam
1606 2662 1814 2750 pervenisset,
1841 2662 1930 2728 initio

332 2785 449 2849 mensis
469 2780 587 2869 Aprilis
607 2781 724 2848 Jubam
746 2780 990 2870 Scipionemque
1010 2779 1096 2869 apud
1118 2779 1281 2869 Thapsum
1301 2781 1419 2849 devicit
1438 2804 1477 2846 ac
1497 2782 1606 2869 paucis
1631 2781 1743 2848 diebus
1764 2789 1838 2871 post
1852 2777 1931 2848 Cato

332 2903 445 2970 Uticae
465 2924 593 2967 manum
614 2901 674 2966 sibi
695 2899 805 2967 intulit.
850 2899 921 2982 Quo
942 2899 1025 2966 facto
1041 2921 1139 2988 quum
1153 2903 1360 2990 compositum
1381 2909 1466 2967 esset
1479 2900 1596 2968 bellum
1610 2901 1804 2986 Africanum,
1822 2899 1929 2968 medio

333 3022 400 3090 fere
420 3043 503 3086 anno
523 3020 657 3087 Romam
680 3019 775 3086 rediit
795 3029 828 3086 et
848 3041 868 3086 a
887 3028 999 3086 senatu
1018 3021 1113 3085 tantis
1126 3019 1298 3087 honoribus
1315 3029 1425 3111 totque
1439 3024 1530 3088 nevis
1545 3020 1783 3109 magistratibus
1800 3029 1930 3088 ornatus

333 3151 391 3226 est,
412 3149 448 3206 ut
467 3141 530 3228 jam
552 3140 680 3229 propius
701 3138 742 3205 ad
763 3141 884 3227 regiam
905 3138 1095 3226 dignitatem
1116 3139 1293 3206 accederet.
1336 3140 1522 3208 Ciceronem
1543 3139 1662 3206 Caesar
1683 3149 1756 3227 post
1783 3139 1929 3224 reditum,

332 3282 416 3350 quae
449 3261 517 3349 ejus
545 3267 616 3324 erat
645 3257 833 3344 humanitas,
859 3259 1030 3350 praecipuo
1062 3257 1181 3326 honere
1216 3258 1363 3345 habebat,
1395 3267 1504 3326 noster
1535 3269 1651 3343 autem,
1679 3267 1831 3347 quantum
1859 3259 1930 3324 fieri

335 3386 627 3470 peterat,.remotus
647 3377 786 3444 vivebat.
827 3375 939 3467 ltaque
960 3399 1040 3467 ques
1061 3377 1166 3445 salves
1186 3378 1325 3464 volebat,
1346 3401 1401 3446 ees
1416 3401 1474 3468 per
1488 3380 1605 3444 amicos
1621 3376 1752 3444 Caesari
1773 3399 1928 3444 commen·

333 3497 432 3565 dabat
452 3507 485 3563 et
504 3498 537 3562 in
558 3499 739 3564 universum
760 3497 867 3564 oculos
888 3495 1011 3564 vitabat
1031 3497 1202 3584 hominum,
1223 3501 1251 3566 si
1270 3499 1395 3586 linguas
1415 3500 1519 3565 minus
1541 3497 1633 3565 facile
1656 3506 1773 3588 posset.
1816 3499 1928 3585 Neque

333 3617 422 3684 urbis
445 3617 594 3707 strepitus
615 3619 711 3683 musis
732 3618 808 3684 satis
829 3616 962 3683 idoneus
983 3615 1152 3684 videbatur
1173 3641 1253 3686 esse.
1303 3617 1423 3686 ldeiree
1450 3605 1580 3697 Cireere
1611 3620 1645 3683 in
1670 3617 1761 3684 villas
1790 3639 1865 3682 suas
1893 3639 1927 3682 se

335 3738 466 3826 recepit.
506 3736 654 3821 Primum,
668 3735 711 3802 ad
725 3735 811 3826 quod
833 3735 1032 3804 scribendum
1047 3759 1118 3804 sese
1132 3740 1280 3824 accinxit,
1294 3760 1374 3829 opus
1389 3736 1518 3804 Catonis
1532 3716 1643 3804 laudes
1657 3735 1754 3802 titisse
1769 3735 1926 3821 videntur,

333 3857 511 3944 πρόβλημα,
540 3865 575 3922 ut
602 3856 671 3946 ipse
692 3853 989 3943 ait,’Apxspridsror.
1032 3854 1104 3923 Jam
1125 3859 1207 3930 enim
1229 3860 1334 3925 omnia
1347 3880 1369 3924 a
1382 3852 1520 3924 Caesare
1535 3854 1718 3946 pendebant
1738 3863 1771 3920 et
1791 3877 1926 3922 summo·

332 3998 408 4066 pere
435 3973 608 4042 timendum
639 3983 716 4059 erat,
744 3998 785 4042 ne
806 3997 844 4044 eo
871 3975 976 4042 libello
1005 3976 1090 4043 edite
1120 3977 1236 4042 summi
1265 3975 1401 4042 consulis
1429 3976 1571 4040 animum
1593 3974 1777 4042 offenderet
1820 3975 1924 4041 Nihilo

332 4097 435 4162 minus
456 4091 569 4160 Cicero
596 4115 661 4160 non
688 4095 854 4182 dubitavit,
875 4092 1029 4162 Catonem
1058 4117 1151 4160 suum
1179 4097 1213 4160 in
1240 4094 1355 4182 vulgus
1383 4095 1537 4160 emittere.
1584 4093 1704 4162 Caesar
1732 4095 1815 4162 lecto
1843 4095 1923 4162 libre

333 4213 498 4302 epistelam
519 4214 561 4280 ad
583 4219 745 4279 auctorem
765 4211 854 4278 dedit
873 4211 1101 4280 humanissime
1122 4215 1288 4304 seriptem3
1304 4235 1497 4302 quamquam
1513 4217 1598 4281 enim
1613 4223 1712 4295 erant,
1726 4217 1783 4303 qui
1798 4211 1922 4280 Cicero-

332 4357 406 4402 uem
438 4329 570 4400 Caesari
601 4331 857 4418 criminarentur,
890 4342 997 4400 minen
1029 4332 1218 4400 benevolum
1249 4335 1284 4398 in
1315 4355 1389 4399 eum
1421 4335 1561 4400 animum
1589 4335 1729 4402 servavit
1754 4342 1810 4400 aut
1837 4344 1923 4401 certe

332 4453 434 4520 linxit.
479 4452 590 4542 ltaque
618 4453 696 4520 satis
722 4451 862 4520 habebat
889 4449 1004 4520 Catoni
1031 4453 1251 4519 Anticatonem
1278 4473 1449 4542 opponere,
1476 4475 1540 4542 quo
1568 4456 1602 4519 in
1629 4451 1710 4518 libre
1737 4450 1921 4522 Ciceronem

333 4573 439 4640 multis
460 4595 589 4640 ornasse
602 4573 760 4658 laudibus,
774 4568 928 4639 Catonem
943 4571 1146 4640 acerbissime
1160 4570 1261 4638 fertur
1275 4574 1466 4660 exagitasse.
1510 4570 1736 4639 lntereesseret
1755 4585 1923 4664 praeterea
