4356 5300
1011 308 1067 384 21¹

941 415 949 428 x
961 412 1047 428 afxtvvx
1061 417 1068 426 s
1079 415 1086 426 x
1098 409 1135 426 vx!

222 535 292 624 jun
313 543 409 600 autea
430 533 509 598 Dec.
537 533 638 600 Bruto
668 531 745 598 data
774 541 843 598 erat
871 531 1047 619 provincia,
1067 530 1229 619 proiectus
1259 542 1316 598 eet.
1362 531 1491 615 Quare
1513 533 1712 619 factumest,
1735 547 1769 602 ut
1791 535 1844 603 Ci-

227 653 336 722 ceroni
365 650 466 718 libera
492 654 525 720 in
555 651 668 718 urbem
696 650 853 718 redeundi
880 650 1015 717 facultas
1043 652 1251 738 contingeret.
1294 651 1407 740 Neque
1438 675 1479 719 ea
1508 655 1553 720 uti
1576 657 1646 744 jam
1675 655 1842 724 dubitavit

226 777 361 843 Romam
382 772 516 842 advenit
536 772 566 838 V
588 771 638 839 ld.
660 771 751 854 Dec,
771 772 819 838 ita
839 770 925 857 apud
947 791 982 835 se
1005 778 1157 836 statutum
1178 768 1311 855 habene,
1332 793 1374 836 ne
1395 781 1470 838 ante
1492 772 1656 840 Kalendas
1672 775 1843 842 lanuarias

227 896 260 961 in
283 903 429 960 aeneum
449 893 520 960 iret.
557 891 623 958 seu
644 912 743 978 quum
763 888 883 958 tribuni
905 888 1008 976 plebis
1022 900 1168 956 seumum
1189 890 1223 955 in
1237 911 1266 954 a.
1282 889 1313 955 d.
1329 889 1413 958 Xlll
1426 891 1501 958 Kal.
1515 892 1589 960 Jan.
1604 907 1843 981 convocassent,

228 1013 268 1080 de
290 1011 455 1078 consulum
476 1009 716 1098 designatorum
730 1007 902 1098 praesidio,
923 1019 960 1074 ut
980 1019 1125 1077 sanamur
1139 1007 1211 1074 Kal
1226 1008 1302 1075 Jan.
1321 1019 1389 1076 tuto
1404 1009 1526 1078 babere
1538 1022 1682 1100 possent,
1703 1013 1843 1099 relaturi,

229 1131 344 1199 Cicero
384 1129 488 1202 officio
529 1129 643 1196 deesse
681 1128 791 1196 noluit.
857 1126 979 1194 δοιιιιιιι
1016 1128 1114 1214 igitur
1151 1127 1409 1216 frequentissimo
1446 1135 1602 1217 surrexit,
1645 1143 1680 1200 ut
1717 1136 1843 1202 tertiam

229 1251 364 1318 haberet
384 1247 590 1338 philippicam
605 1251 791 1315 oraticnem.
826 1247 865 1314 In
887 1269 927 1314 ea
945 1267 1012 1312 non
1027 1249 1098 1336 jam
1110 1246 1204 1334 plura
1220 1257 1331 1314 contra
1345 1247 1518 1316 Antonium
1539 1251 1626 1318 lacta
1646 1273 1717 1318 esee
1739 1251 1841 1339 dolet;

227 1371 351 1438 hostem
375 1372 458 1436 enim
474 1369 686 1458 judicandum
708 1368 816 1454 fuisse,
843 1368 898 1453 qui
919 1365 1063 1450 Brutum,
1092 1365 1208 1432 ducem
1231 1366 1340 1455 populi
1365 1367 1510 1454 Romani,
1538 1371 1749 1458 impugnaret,
1778 1371 1844 1438 lau.

228 1488 368 1556 dandam
391 1509 469 1554 vero
490 1488 648 1577 legionem
669 1487 817 1556 Martiam
839 1497 871 1552 ct
891 1497 1047 1573 quartam,
1076 1485 1163 1573 quod
1189 1485 1231 1552 ab
1253 1488 1393 1552 Antonio
1415 1487 1457 1556 ad
1480 1487 1649 1554 Octavium
1672 1489 1842 1557 defecisset

229 1607 482 1695 tradendumque
505 1609 619 1696 juveni
648 1605 690 1672 de
712 1604 877 1692 republica
905 1606 1024 1692 optime
1046 1606 1159 1670 mento
1181 1606 1351 1692 imperium
1378 1607 1417 1672 iia
1439 1605 1480 1674 de
1501 1609 1611 1696 copiis,
1638 1632 1721 1695 quae
1743 1611 1842 1698 ipsius

227 1729 382 1796 benefiuo
406 1726 601 1816 reipublicae
624 1735 731 1792 essent
752 1735 908 1808 servatae²
933 1724 1010 1790 Dec.
1034 1745 1112 1790 vero
1134 1723 1268 1790 Brutum
1290 1737 1419 1792 senatus
1447 1729 1635 1794 auctoritate
1665 1729 1844 1798 ornandum

226 1848 534 1934 exhortandumque‚
550 1857 585 1913 ιιι
599 1844 737 1912 Galliam
752 1845 876 1910 sortiter
891 1843 1089 1908 defenderet.
1125 1841 1250 1924 Quibus
1272 1845 1425 1930 expositis
1448 1844 1544 1920 rebus
1560 1846 1705 1914 musuleo
1720 1848 1841 1914 laturos

229 1968 383 2051 hortatur,
406 1966 521 2033 durent
544 1986 684 2053 operam,
706 1976 742 2030 ιιι
762 1976 891 2031 senatus
912 1961 985 2030 Kal.
1007 1963 1169 2030 Jauuariis
1191 1973 1258 2028 tuto
1273 1961 1386 2028 baberi
1399 1973 1518 2050 posset
1555 1965 1699 2032 Accessit
1713 1979 1842 2034 senatus

227 2086 378 2173 frequens
415 2109 486 2152 cum
516 2083 557 2150 de
586 2085 700 2150 ceteris
729 2081 835 2168 rebus,
865 2095 931 2150 turn
961 2084 1002 2150 de
1031 2082 1203 2171 provinciis
1232 2081 1274 2148 ab
1304 2083 1352 2164 iis,
1381 2083 1436 2170 qui
1463 2082 1637 2168 baberent,
1667 2086 1843 2152 retinendis
1934 2143 1938 2150 .

226 2227 329 2292 neque
352 2207 500 2292 cuiquam
522 2203 697 2286 tradendis,
719 2204 781 2268 nisi
802 2203 857 2291 qui
879 2224 921 2268 ex
942 2213 1071 2270 senatm
1095 2201 1238 2268 consulto
1259 2203 1475 2269 successisset.

353 2322 477 2404 Quibus
499 2322 638 2409 peractis
660 2321 775 2388 Cicero
797 2344 817 2387 a
837 2320 974 2388 tribunis
997 2320 1099 2408 plebis
1120 2323 1155 2386 in
1169 2322 1352 2387 concionem
1375 2321 1549 2408 productus
1563 2335 1679 2410 quarta
1700 2327 1843 2392 oratioue

228 2441 400 2530 philippica
421 2463 527 2507 coram
548 2439 676 2528 populo,
699 2440 782 2528 ‘quid
805 2441 950 2528 patribus
977 2442 1081 2507 visum
1110 2451 1204 2525 essct,
1233 2441 1383 2527 exposuit
1410 2452 1443 2507 et
1470 2463 1593 2508 summa
1614 2443 1789 2511 acerbitate
1810 2447 1843 2510 in

228 2563 400 2628 Antonium
422 2562 568 2627 invectus
598 2560 740 2626 hortatus
770 2573 828 2644 est,
857 2572 893 2626 ut
917 2561 991 2627 lorti
1018 2561 1124 2626 animo
1152 2558 1381 2646 rempublicam
1407 2571 1581 2628 tuerentur.
1624 2561 1708 2630 Mira
1737 2585 1842 2629 rerum

229 2683 358 2748 mutatio
380 2681 537 2768 apparuit,
566 2701 641 2745 nam
664 2678 749 2746 idem
770 2679 823 2745 ille
846 2679 991 2767 populus,
1019 2680 1074 2767 qui
1095 2700 1164 2745 non
1187 2680 1233 2744 ite
1253 2678 1352 2745 multo
1373 2687 1448 2746 ante
1475 2701 1518 2745 cx
1538 2680 1671 2747 Antonii
1698 2681 1843 2770 partibus

226 2809 365 2882 steterat,
381 2801 451 2888 jam
466 2797 656 2864 Ciceronem
677 2799 770 2865 laetis
790 2798 982 2865 abmoribus
1003 2796 1188 2887 excipiebat
1208 2820 1426 2885 summumque
1448 2796 1605 2864 libertatis
1629 2800 1843 2867 vindicandae

227 2919 365 2984 studium
387 2916 587 2984 exhibiturus
609 2939 680 2984 esee
702 2916 880 2984 videbatur.
932 2920 1043 3004 ltaque
1074 2929 1189 2984 exacto
1217 2938 1302 2983 anno
1330 2939 1426 3005 quum
1455 2920 1531 2984 novi
1552 2919 1698 2984 consules
1720 2919 1846 2988 Hirtius

228 3047 260 3103 et
285 3038 391 3104 Pansa
420 3040 641 3124 magistratum
669 3038 804 3104 inirent:
831 3037 993 3103 laetiorem
1020 3061 1074 3104 rea
1099 3036 1285 3124 adspectum
1314 3036 1518 3104 exhibebant
1563 3037 1767 3106 convocatus
1795 3051 1846 3106 est

226 3157 299 3223 Kal.
321 3157 396 3224 Jan.
420 3167 547 3222 senatur
570 3155 767 3242 relatumque
789 3179 861 3221 cum
882 3156 924 3221 de
945 3154 1108 3244 republica
1128 3157 1319 3240 incivitate,
1340 3167 1406 3222 tum
1422 3156 1464 3222 de
1479 3157 1646 3224 obsidione
1660 3159 1842 3228 Mutinensi.

227 3274 290 3357 Qui
312 3277 404 3363 primi
426 3276 602 3342 sententias
623 3277 813 3363 interrogati
833 3287 917 3359 sunt,
939 3286 1138 3359 censuerunt,
1164 3274 1337 3342 mittendos
1358 3297 1429 3342 esse
1451 3276 1495 3343 ad
1515 3277 1689 3344 Anneium
1710 3278 1843 3365 legatos,

227 3396 280 3482 qui
309 3405 444 3480 agerent
480 3416 551 3460 cum
580 3415 618 3460 eo
646 3394 688 3460 de
716 3393 883 3460 obsidione
911 3392 1097 3459 omittenda.
1138 3393 1180 3460 Ei
1209 3396 1386 3462 sentcntiae
1414 3399 1500 3463 omni
1529 3399 1563 3464 ri
1591 3397 1706 3464 (licere
1734 3402 1846 3486 quinta

227 3514 370 3580 eratione
400 3511 573 3600 philippica
600 3511 735 3598 obstitit3
766 3525 858 3606 turpe
885 3503 969 3578 enim
997 3522 1030 3579 et
1058 3511 1225 3600 indiguum
1254 3535 1324 3580 esse
1354 3527 1482 3582 senatus
1511 3539 1550 3583 ao
1578 3517 1687 3606 populi
1708 3518 1844 3585 Romani

230 3634 428 3715 auctoritate,
449 3629 491 3696 ad
514 3653 585 3696 eum
607 3631 729 3718 legatos
752 3631 792 3697 de
813 3654 893 3718 pace
914 3633 1006 3715 mitti,
1028 3631 1069 3697 de
1090 3655 1154 3720 quo
1175 3644 1250 3699 aute
1272 3656 1392 3722 pancos
1413 3634 1483 3701 dies
1506 3647 1667 3723 tamquam
1690 3637 1731 3704 de
1753 3637 1844 3704 beate

227 3753 417 3840 gravisdma
438 3763 566 3817 senatus
582 3749 706 3837 judicia
726 3750 866 3821 lecisset.
909 3752 1020 3834 immo,
1049 3773 1090 3816 ne
1111 3762 1213 3818 tracto
1238 3751 1321 3818 bello
1351 3753 1467 3820 civium
1493 3755 1716 3842 refrigesceret
1736 3756 1843 3842 ardor,

203 3843 207 3853 ο
231 3869 417 3954 eumdum,
439 3882 471 3936 ct
490 3869 626 3936 firmiter
645 3869 901 3957 amplectendum
922 3892 1004 3956 ease,
1033 3881 1067 3936 ut
1088 3871 1121 3936 in
1142 3871 1316 3938 Antonium
1339 3871 1490 3938 tumultus
1517 3873 1744 3944 decerneretur
1770 3897 1845 3944 con-

229 3990 413 4078 sulibusque
437 3988 618 4077 respublica
637 3987 826 4074 traderetur,
853 4003 889 4056 ut
908 3991 1066 4073 viderent,
1092 3990 1234 4078 nequid
1259 4003 1389 4079 caperet
1416 3991 1606 4060 detrimenti.
1649 3994 1763 4061 Debiti
1790 3997 1845 4064 bo-

230 4131 324 4176 nores
347 4123 382 4176 at
402 4111 443 4176 iis
464 4106 689 4192 tribuerentur,
713 4111 768 4197 qui
789 4109 1018 4198 rempublicam
1039 4123 1148 4176 essent
1170 4111 1254 4195 tuiti;
1279 4112 1334 4198 qui
1356 4113 1390 4177 in
1412 4111 1543 4177 Antonii
1562 4114 1708 4181 exercitu
1728 4126 1846 4200 essent,

229 4231 269 4295 iis
290 4251 332 4294 ue
354 4227 460 4297 fraudi
481 4249 522 4292 ea
542 4247 594 4292 res
616 4227 798 4314 haberetur,
820 4231 850 4294 si
869 4241 943 4296 ante
965 4227 1132 4294 Kalendm
1147 4227 1342 4296 Februarias
1362 4228 1405 4295 ab
1428 4251 1466 4295 eo
1489 4229 1720 4298 discessissent.
1762 4233 1847 4300 Huic

231 4351 408 4416 sententiae
428 4348 505 4412 Piso
525 4346 641 4434 aliique
657 4347 790 4414 Antonii
810 4357 986 4414 sectatores
1007 4347 1207 4432 obstiterunt,
1228 4369 1250 4412 a
1263 4349 1419 4436 majorum
1434 4349 1590 4437 exemplis
1605 4348 1744 4418 ebenum
1758 4353 1847 4420 dicti·

230 4477 332 4534 tantas
354 4469 457 4536 civem
482 4466 605 4534 indicte
632 4482 729 4533 eausa
759 4467 914 4532 damnari.
958 4467 1037 4532 inde
1059 4466 1258 4553 factumest,
1285 4477 1324 4536 ut
1344 4479 1473 4536 senatis
1502 4491 1540 4534 eo
1563 4470 1616 4535 die
1638 4471 1725 4538 nullo
1753 4485 1846 4561 capto

231 4587 361 4653 consilio
385 4587 575 4654 discederet.
618 4585 664 4652 At
684 4588 787 4674 primo
816 4607 909 4652 mane
932 4609 1041 4654 rursus
1071 4587 1105 4653 in
1136 4588 1257 4654 omium
1286 4587 1431 4654 coierunt
1452 4589 1584 4676 jamque
1612 4603 1847 4678 praegravante

1649 4725 1662 4766 5
