4356 5300
1096 345 1146 422 20

1022 447 1054 462 a'V
1059 444 1224 463 ῚΛΛΛΑΑΛΛΛ

303 586 344 630 ea
370 567 473 630 oratio
497 589 572 630 vere
601 565 799 631 fulminatrix
839 564 933 630 etad
958 563 1118 630 bominem
1142 563 1374 629 conficiendum
1397 576 1593 651 comparata,
1623 583 1722 653 quarn
1746 577 1846 634 totam
1867 572 1937 657 ejus

303 705 324 750 a
344 685 525 748 tenerrimis
547 687 647 749 vitam
669 686 749 748 miro
772 705 845 748 cum
862 665 985 748 ¹ardore
1007 683 1214 768 perstringat.
1257 683 1333 747 Jam
1356 705 1433 747 vero
1456 681 1570 749 Cioero
1593 684 1635 751 ab
1660 687 1791 751 Antonii
1815 689 1937 753 sicariis

302 801 424 866 Romae
447 809 535 866 tutus
557 823 628 866 esse
651 823 714 866 nou
730 811 879 887 poterat3
910 799 1040 883 idcireo,
1062 799 1139 864 dum
1166 801 1243 863 novi
1273 800 1419 866 eonsules
1442 805 1664 889 magistratum
1692 807 1817 896 inirent,
1849 805 1937 893 quod

305 918 380 984 Kal.
403 919 567 985 Januariis
590 919 698 1002 fiebat,
721 921 752 984 in
776 918 866 983 villas
888 918 930 983 ab
954 916 1035 982 urbe
1056 919 1245 982 remotiores
1268 939 1340 982 sese
1362 921 1492 1005 recepit.

429 1038 545 1102 Denuo
572 1039 670 1124 igitur
700 1035 889 1103 Ciceronem
916 1035 1072 1102 habemus
1100 1034 1318 1102 rusticantem.
1362 1037 1415 1100 Ex
1446 1058 1512 1124 qua
1538 1039 1750 1104 rusticatione
1779 1051 1937 1129 quantum

301 1155 413 1220 literae
437 1155 600 1221 Romanae
621 1157 826 1244 perceperint
847 1156 996 1235 fructum,
1025 1155 1103 1218 satis
1128 1164 1240 1218 notum
1264 1165 1322 1220 est.
1367 1156 1456 1220 lnter
1476 1158 1685 1242 gravissimas
1709 1160 1793 1223 anim
1824 1161 1865 1225 de
1889 1184 1938 1226 re·

301 1272 431 1360 publica
452 1272 684 1340 sollicitudines
705 1274 870 1352 literarum
891 1273 1017 1355 studiis,
1046 1283 1081 1336 ut
1107 1270 1240 1354 solebat,
1270 1275 1411 1338 animum
1442 1277 1553 1340 erexit.
1601 1277 1642 1340 Et
1672 1277 1774 1364 primo
1806 1278 1937 1365 quidem

301 1399 376 1476 post
397 1388 571 1456 Caesarem
602 1393 803 1457 intersectum
827 1401 971 1477 tempore
999 1390 1077 1455 editi
1100 1398 1175 1455 sunt
1203 1389 1277 1455 libri
1299 1390 1341 1454 de
1363 1392 1562 1458 divinatione
1593 1403 1626 1458 et
1648 1394 1688 1459 de
1711 1397 1788 1480 lato,
1818 1397 1936 1485 quibus

302 1508 479 1595 majoribus
507 1510 659 1598 operibus
687 1509 928 1575 subsecivorum
958 1511 1059 1574 nister
1089 1505 1245 1572 Catonem
1275 1518 1373 1595 etque
1396 1507 1541 1572 [aelium
1572 1510 1702 1576 videtur
1726 1517 1937 1603 interjecisse.

301 1624 474 1691 Subsecuti
495 1637 570 1692 sunt
592 1629 632 1692 de
648 1627 760 1694 Gloria
781 1628 856 1694 libri
878 1629 952 1711 dun,
976 1629 1032 1715 qui
1046 1649 1110 1714 quo
1132 1628 1185 1692 vel
1207 1627 1364 1708 fortunae,
1388 1625 1440 1690 vel
1461 1625 1624 1690 hominum
1640 1631 1795 1712 perierint
1809 1634 1935 1718 injuria,
2019 1618 2021 1626 ¹

301 1765 400 1832 quum
424 1745 596 1812 Petrarcae
620 1747 817 1834 temporibus
839 1750 937 1812 etiam
959 1747 1154 1828 exstiterint,
1176 1767 1235 1832 pro
1259 1754 1346 1810 certo
1370 1743 1433 1809 dici
1455 1767 1520 1808 non
1543 1753 1657 1831 potest.
1702 1746 1746 1809 lis
1768 1745 1857 1812 libris
1873 1749 1935 1812 Το-

303 1865 379 1950 pica
401 1862 555 1950 adjuncta
577 1872 660 1946 sunt,
684 1885 767 1949 quae
790 1861 906 1928 Cicero
928 1887 948 1930 a
970 1862 1134 1946 Trebatio,
1156 1863 1305 1928 familiari
1328 1885 1395 1945 suo,
1417 1873 1548 1949 rogatus
1572 1865 1770 1950 conscripsit.
1815 1867 1934 1930 Aristo-

302 1979 398 2045 telem
421 1980 551 2068 quidem
575 1981 602 2044 is
616 1979 700 2044 liber
717 2001 782 2044 non
796 1982 858 2044 nisi
873 1984 1002 2046 nomine
1017 1983 1111 2048 nobis
1126 1981 1268 2067 exhibet,
1291 2003 1401 2070 aeque
1414 1991 1472 2064 est,
1496 1981 1584 2068 quod
1600 2003 1639 2046 ea
1655 1982 1695 2047 de
1718 2005 1753 2050 re
1774 1985 1935 2050 miremur.

301 2096 491 2185 Composuit
513 2100 598 2163 enim
621 2096 733 2164 Cicero
757 2098 849 2164 Velia
873 2099 1052 2186 Syracusas
1074 2101 1289 2183 iterfaciens,
1312 2121 1409 2185 qurum
1434 2119 1543 2162 secum
1571 2098 1670 2164 libros
1698 2122 1762 2165 non
1791 2102 1936 2185 baberet,

300 2217 456 2280 memoria
476 2217 623 2302 repetita.
668 2216 783 2282 Eidem
805 2217 872 2282 fere
897 2221 1032 2303 tempori
1054 2219 1181 2283 Timaei
1202 2218 1358 2282 Platonici
1381 2217 1681 2304 interpretationem
1705 2217 1824 2284 debere
1848 2219 1936 2285 vide·

300 2355 380 2416 mur,
411 2335 501 2420 cujus
531 2333 618 2398 haud
647 2336 766 2419 exigua
795 2337 891 2401 etiam
921 2345 1028 2401 exstat
1049 2335 1216 2421 particula.
1263 2335 1342 2400 Inde
1373 2335 1416 2400 ad
1437 2336 1556 2401 stoicos
1593 2359 1767 2402 conversus
1791 2339 1935 2404 Panaetii

302 2456 436 2540 ejusque
460 2451 675 2517 emendatoris
706 2453 872 2518 Posidonii
900 2454 1152 2519 comentationes
1181 2461 1255 2538 arent
1277 2459 1332 2519 τοῦ
1357 2456 1558 2540 audiamur
1586 2455 1710 2520 Latinis
1740 2476 1799 2520 sua
1827 2455 1937 2542 lingua

302 2569 406 2634 tribus
429 2569 500 2653 illis,
524 2573 580 2658 qui
603 2571 644 2636 dc
668 2569 789 2637 Officiis
819 2575 964 2660 inseripti
993 2581 1077 2656 sunt,
1106 2572 1195 2638 libris
1228 2574 1406 2660 proposuit.
1457 2573 1496 2637 In
1523 2571 1585 2637 illis
1619 2572 1793 2638 exarandis
1821 2569 1936 2638 Cicero

300 2708 360 2775 per
381 2699 560 2774 postremos
583 2691 658 2752 anni
681 2690 744 2756 710
765 2713 891 2755 menses
906 2701 1081 2778 occupatus
1103 2690 1217 2773 fuerat,
1241 2691 1384 2755 finivisse
1406 2689 1538 2755 videtur
1559 2699 1700 2754 exeunte
1723 2713 1761 2754 eo
1784 2711 1879 2755 anno.
1898 2729 1936 2742 -

302 2804 590 2892 Quodpraeterea
613 2806 652 2871 dc
676 2808 906 2893 epistolissuis
929 2808 1117 2894 colligendis
1146 2808 1207 2873 hoo
1236 2817 1378 2896 tempore
1401 2809 1574 2900 cogitavit;
1598 2808 1668 2892 jam
1698 2808 1785 2871 vitae
1813 2806 1875 2872 sibi
1904 2810 1937 2872 in

300 2924 432 2991 brevius
455 2927 600 2991 contrahi
621 2928 759 3013 spatium
777 2927 906 2993 videtur
928 2929 1077 2992 sensisse.
1115 2927 1211 2992 Nullo
1228 2927 1339 2992 ‘adhue
1361 2949 1471 2992 carrun
1494 2936 1563 2991 erat
1586 2927 1763 3010 συναγωγή,
1785 2924 1843 2990 sed
1859 2926 1937 2990 Tiro

302 3045 333 3108 ei
357 3046 404 3109 rei
421 3045 491 3130 jam
520 3046 721 3130 imposuerat
748 3067 888 3111 manum.
934 3044 1138 3132 Quamquam
1161 3054 1219 3128 est,
1248 3045 1337 3133 quod
1360 3044 1553 3128 dubitemus,
1582 3066 1659 3109 num
1681 3046 1758 3109 vivo
1780 3041 1937 3108 Cicerone

301 3184 342 3224 ca
364 3163 449 3226 faeta
471 3163 521 3227 sit.

429 3281 504 3345 Alto
534 3280 701 3368 hucusque
730 3281 855 3346 silentio
890 3282 977 3347 illuni
1001 3283 1274 3369 praetermisimus
1297 3283 1412 3365 virum,
1441 3284 1508 3370 qui,
1539 3302 1639 3369 quum
1669 3291 1742 3366 post
1763 3276 1937 3346 Caesarem

305 3399 508 3464 interfectum
532 3401 589 3464 vix
611 3402 723 3466 tertias
745 3400 908 3486 explesset
923 3409 1040 3486 portes,
1061 3400 1138 3483 fato,
1161 3407 1197 3464 ut
1218 3401 1337 3485 primas
1360 3398 1535 3486 aliquando
1559 3399 1734 3484 exciperet,
1758 3398 1938 3465 destinatus

303 3525 382 3582 erat.
427 3512 465 3582 C.
488 3515 619 3582 Octavii
640 3517 734 3601 filius,
756 3519 822 3605 qui,
845 3541 945 3606 quum
967 3514 1184 3583 Caesareum
1206 3517 1268 3582 sibi
1291 3517 1490 3604 adoptasset,
1513 3514 1552 3581 C.
1574 3516 1653 3582 Julii
1677 3514 1825 3583 Caesaris
1842 3517 1938 3583 Octa-

303 3635 391 3700 viani
406 3636 535 3699 nomine
550 3635 730 3722 appellatus
746 3643 804 3722 est,
827 3636 1027 3724 Apolloniae,
1050 3645 1085 3700 ut
1107 3635 1207 3701 literis
1222 3658 1354 3723 operam
1368 3644 1516 3720 navaret,
1541 3635 1691 3723 degebat.
1728 3635 1808 3700 Inde
1823 3636 1936 3699 nuntio

304 3755 345 3821 de
367 3752 507 3820 Caesare
528 3755 697 3818 interfecto
721 3763 753 3816 et
775 3753 816 3817 de
838 3753 1045 3840 adoptatione
1068 3776 1127 3820 sua
1149 3763 1281 3840 accepto
1304 3755 1438 3820 Romam
1460 3755 1625 3821 advolarit
1679 3753 1758 3818 Mox
1783 3750 1938 3838 gravibus

302 3875 388 3938 inter
409 3895 482 3936 eum
504 3881 537 3936 et
558 3873 733 3938 Antonium
756 3871 797 3935 de
820 3871 999 3937 hereditate
1015 3872 1133 3938 diffusa
1154 3871 1368 3938 simultatibus
1384 3876 1472 3956 ortis,
1494 3875 1608 3938 astutis
1631 3871 1774 3937 artitieiis
1792 3872 1938 3958 miraque

304 3998 338 4054 et
366 3989 538 4056 simulandi
568 4001 601 4055 et
630 3989 852 4054 dissimulandi
880 3999 950 4055 arte
975 3999 1150 4057 sectatores
1172 4013 1216 4055 ex
1237 3991 1386 4055 omnibus
1407 3989 1604 4076 reipublicae
1626 3989 1819 4056 factionibus
1842 3998 1875 4053 et
1896 4011 1945 4054 ex·

303 4111 466 4174 veteranis
482 4107 630 4174 Caesarie
645 4104 799 4172 militibus
820 4110 997 4174 exereitum
1020 4110 1082 4195 ipsi
1104 4131 1175 4172 eum
1198 4106 1263 4173 lide
1285 4107 1452 4173 addictum
1472 4118 1654 4194 paraverat.
1698 4107 1779 4195 Ejus
1804 4107 1938 4173 crebrae

304 4226 347 4291 ad
369 4223 559 4292 Ciceronem
583 4225 643 4290 sub
663 4224 759 4290 finem
790 4228 864 4290 anni
892 4227 964 4310 710,
994 4247 1094 4314 quum
1121 4229 1155 4292 in
1184 4225 1361 4292 Puteolano
1390 4225 1526 4312 praedio
1556 4234 1750 4302 versaretur,
1781 4233 1940 4290 venerunt

305 4345 468 4432 epistolae,
498 4344 615 4432 quibus
638 4343 870 4430 rempublicam
891 4367 925 4409 se
948 4353 1061 4410 contra
1082 4346 1214 4410 Antonii
1243 4346 1375 4432 rapinae
1404 4345 1503 4410 armis
1532 4343 1739 4408 defensurum
1769 4340 1939 4407 nuntiabat

306 4483 445 4550 eumque
467 4464 499 4527 in
523 4461 618 4528 finem
641 4469 675 4526 et
689 4458 865 4546 Ciceronis,
886 4471 919 4527 et
939 4463 1052 4550 optimi
1074 4464 1231 4551 cujusque
1253 4461 1409 4528 auxilium
1425 4462 1608 4550 expetebat
1646 4462 1804 4525 Antonius
1820 4467 1938 4543 autem,

306 4601 404 4667 vum
428 4580 562 4666 videret,
585 4583 650 4648 vim
673 4603 763 4652 emm
786 4582 817 4646 ri
840 4602 1031 4668 oppressum
1052 4579 1102 4663 iri,
1131 4579 1243 4646 relicta
1264 4582 1346 4647 urbe
1367 4581 1409 4648 ad
1431 4578 1654 4666 occupandam
1675 4577 1824 4663 Gallum,
1853 4599 1938 4666 quoe
