4356 5300
941 410 945 414 .
1024 395 1095 414 ιιΧΑΛι
1100 397 1189 414 ΧΛΛΛΛ.
1195 397 1224 414 'vx

314 539 461 606 negasse,
482 519 543 586 sibi
564 519 619 584 uni
640 518 764 586 bostem
786 540 857 584 esse
879 516 1131 584 crudelissimum
1152 519 1327 584 Antonium
1349 540 1410 584 nec
1431 520 1500 585 sine
1522 522 1662 588 maximo
1685 525 1771 589 vitae
1785 525 1934 611 periculo

315 659 387 704 eum
408 661 442 706 se
464 637 554 704 adire
575 659 682 726 posse.
725 635 789 704 Cui
810 637 987 704 sententiae
1009 657 1203 726 quamquam
1226 659 1265 704 eo
1296 637 1349 703 die
1377 649 1559 706 accesserat
1584 653 1726 725 senatus,
1757 651 1864 710 tamen
1894 646 1934 712 de

315 757 426 824 eadem
455 779 488 824 re
511 755 660 824 Ciceroni
682 755 859 834 dicendum
874 763 953 840 erat,
974 777 1073 842 quum
1096 755 1238 843 Lepidus
1261 756 1361 824 literis
1386 759 1430 824 ad
1452 770 1597 826 senatum
1619 763 1725 828 missis
1754 763 1798 828 ad
1823 787 1935 850 pacem

314 899 386 940 cum
409 875 548 940 Antonio
570 874 743 941 ineundam
758 874 911 944 hortatus
933 885 1027 942 esset
1071 875 1194 960 Oratio,
1216 898 1313 965 quam
1335 877 1388 945 illo
1415 878 1467 944 die
1489 879 1613 964 habuit,
1643 885 1726 948 inter
1747 883 1936 972 philippicas

314 1007 363 1064 est
378 998 472 1064 tertia
487 996 612 1062 decima
633 1004 665 1062 et
687 995 832 1062 effecisse
846 992 985 1079 videtur,
1004 1004 1043 1064 ,ut
1058 995 1143 1060 omni
1158 998 1246 1082 pacis
1260 1019 1318 1084 spe
1333 997 1587 1064 remotabellum
1607 1003 1693 1066 ornni
1710 1003 1743 1066 vi
1758 1012 1934 1090 pararetur.

441 1113 598 1182 Consules
619 1116 717 1202 igitur
739 1123 772 1184 et
793 1113 991 1183 Octavianus
1013 1136 1083 1180 cum
1107 1116 1251 1182 exercitu
1273 1115 1429 1182 Mutinam
1456 1117 1699 1184 contenderunt.
1742 1120 1835 1202 erae
1864 1145 1936 1210 pro·

315 1237 409 1302 sectio
431 1237 571 1323 pessimo
600 1237 716 1323 cuique
745 1234 904 1300 licentiam
934 1233 1007 1299 mali
1034 1235 1070 1300 in
1098 1233 1328 1321 rempublicam
1357 1237 1454 1301 animi
1482 1236 1641 1325 probandi
1671 1237 1760 1305 dedit
1788 1229 1935 1329 variilpue

315 1377 470 1440 rumores,
494 1356 550 1444 qui
564 1355 606 1421 ad
622 1356 744 1422 animos
759 1351 965 1420 concitandos
977 1351 1133 1434 valerent,
1155 1352 1188 1416 in
1208 1350 1324 1438 vulgus
1340 1353 1415 1420 elati
1429 1365 1510 1422 sunt
1556 1359 1644 1424 luter
1658 1357 1721 1424 alia
1735 1360 1936 1447 divulgatum

315 1485 373 1560 est,
388 1474 578 1542 Ciceronem
592 1473 634 1540 de
648 1472 799 1561 capitolio
819 1491 891 1538 cum
912 1470 1052 1538 fascibus
1068 1493 1139 1536 esse
1154 1469 1382 1538 descensurum
1396 1475 1417 1538 i.
1433 1497 1461 1540 e.
1477 1496 1550 1539 euru
1572 1499 1630 1562 per
1647 1480 1712 1542 vim
1735 1479 1935 1546 consularem

314 1604 504 1682 potestatam
526 1592 577 1660 vel
606 1595 702 1660 etiam
732 1592 932 1660 dictatoriam
960 1591 1023 1658 sibi
1051 1591 1298 1658 vindicaturum.
1343 1591 1417 1674 Qua
1444 1595 1625 1681 suspicione
1652 1618 1752 1684 quum
1781 1599 1935 1686 Apulajus

314 1736 387 1782 eum
402 1713 499 1780 vellet
519 1714 552 1780 in
567 1713 719 1780 concione
742 1710 889 1794 liberare,
913 1731 978 1776 una
999 1729 1078 1776 voce
1101 1719 1219 1776 cuncta
1240 1712 1350 1778 concio
1366 1711 1551 1796 declaravit,
1565 1712 1643 1778 nihil
1659 1734 1729 1778 esse
1744 1735 1764 1778 a
1779 1713 1934 1781 Cicerone

312 1854 455 1922 unquam
477 1831 517 1898 de
539 1831 706 1919 republica
719 1832 782 1898 nisi
796 1831 915 1918 optime
937 1831 1121 1917 cogitatum.
1165 1831 1242 1896 Post
1264 1851 1333 1898 eam
1357 1831 1499 1899 habitam
1515 1834 1699 1898 concionem
1717 1834 1827 1919 paucis
1848 1833 1935 1898 horis

311 1951 385 2018 laeti
408 1951 450 2016 de
473 1952 610 2017 victoria
630 1951 804 2016 Mutinensi
826 1949 930 2016 nuntii
951 1957 985 2014 et
1006 1947 1117 2014 literae
1133 1949 1266 2016 Romam
1288 1961 1455 2032 venerunt,
1479 1951 1597 2040 quibus
1618 1953 1779 2040 perceptis
1801 1951 1937 2039 populus

311 2069 500 2137 Ciceronem
522 2069 616 2136 domo
637 2070 672 2136 in
686 2067 868 2156 capitolium
883 2066 1054 2134 laetissimo
1069 2067 1189 2155 plausu
1200 2069 1294 2135 duxit
1314 2077 1411 2157 atque
1426 2070 1459 2133 iu
1474 2071 1586 2134 rostris
1602 2069 1789 2136 collocatum
1809 2071 1937 2136 domum

310 2189 452 2256 reduxit.
494 2190 569 2272 Quo
592 2189 712 2256 amoris
735 2187 853 2276 publici
877 2189 1055 2254 testimonio
1079 2189 1246 2272 excitatus,
1268 2197 1397 2276 postero
1420 2187 1472 2252 die
1494 2188 1527 2252 in
1546 2197 1659 2254 senato
1682 2199 1797 2277 quarta
1812 2189 1938 2256 decimr

311 2311 455 2376 oratione
485 2307 658 2396 philippica
690 2317 798 2395 patres
834 2305 876 2372 ad
906 2304 1024 2373 bellum
1059 2306 1184 2373 fortiter
1212 2306 1471 2395 persequendum
1500 2307 1645 2372 hortatus
1672 2298 1937 2394 supplicationem

311 2427 546 2513 quinquaginta
567 2425 691 2492 dierum
714 2435 747 2492 et
763 2425 918 2492 militibus
940 2424 1114 2492 victoribus
1135 2425 1227 2514 larga
1247 2426 1391 2514 praemia
1412 2423 1566 2492 decrevit.

441 2544 547 2613 Nobis
565 2554 640 2633 post
660 2566 731 2610 eam
762 2547 939 2611 orationem
968 2544 1031 2610 alia
1054 2545 1219 2612 Ciceronis
1241 2553 1370 2612 servata
1397 2554 1446 2610 est
1466 2543 1562 2629 nulla,
1591 2565 1787 2633 quamquam
1810 2546 1937 2632 saepius

312 2668 407 2733 etiam
430 2667 462 2731 in
486 2675 597 2732 senatu
622 2686 695 2728 eum
717 2663 839 2730 dixisse
854 2665 979 2730 sumus.
1017 2664 1082 2730 Sed
1099 2666 1168 2752 jam
1191 2664 1297 2730 omnia
1318 2685 1360 2728 ex
1374 2665 1514 2729 maxima
1528 2662 1678 2729 felicitate
1699 2664 1936 2751 laetissimosque

311 2787 418 2874 specie
440 2784 483 2850 ad
505 2785 710 2872 praeeipitem
732 2781 911 2869 vergebant
933 2783 1105 2866 interitum,
1128 2785 1248 2850 nuntiis
1271 2785 1303 2850 in
1326 2784 1410 2851 diem
1433 2783 1537 2848 allatis
1552 2781 1753 2849 tristioribus.
1798 2783 1932 2848 Occisus

310 2914 446 2992 uterque
479 2902 598 2987 consul,
629 2902 788 2968 Antonius
818 2900 908 2966 clade
934 2903 1078 2986 emissus,
1105 2900 1249 2988 Lepidus
1278 2923 1341 2968 non
1369 2923 1431 2967 runo
1461 2908 1584 2968 tantum
1613 2902 1740 2966 nomine
1770 2911 1936 2987 suspectus

312 3032 346 3090 et
367 3046 442 3090 mox
465 3023 587 3090 cunctis
610 3040 682 3088 cum
706 3020 806 3108 copiis
832 3018 989 3086 adversae
1019 3021 1149 3088 factioni
1178 3021 1355 3110 adjunctus.
1407 3021 1481 3088 Huc
1509 3020 1652 3104 accessit,
1682 3019 1771 3108 quod
1800 3042 1837 3084 eo
1867 3021 1936 3107 ipso

311 3153 453 3230 tempore
470 3138 640 3206 Octaviani
662 3139 788 3204 animus
810 3137 954 3224 pluribus
976 3138 1080 3206 modis
1100 3161 1121 3204 a
1142 3149 1256 3204 senatu
1271 3138 1436 3205 lacessitus
1452 3147 1531 3221 erat,
1555 3139 1610 3226 qui
1625 3138 1767 3226 quidem,
1781 3138 1936 3204 victoriae

312 3259 503 3328 Mutinensis
525 3257 636 3324 nuntio
659 3255 792 3342 perlato,
821 3257 950 3344 agebat,
978 3267 1142 3346 tamquam
1166 3260 1235 3347 jam
1265 3257 1412 3324 omnibus
1441 3257 1590 3345 perieulis
1617 3266 1703 3322 esset
1731 3257 1933 3345 personatus:

309 3383 397 3448 Fieri
418 3403 483 3448 non
506 3386 644 3469 poterat,
674 3377 870 3465 quinetiam
900 3377 1005 3443 minus
1032 3387 1156 3444 astutus
1184 3380 1243 3462 vir,
1272 3398 1368 3466 quam
1399 3387 1469 3442 erat
1491 3377 1698 3472 Octavianus,
1728 3379 1934 3467 perspiceret,

311 3509 457 3567 senatum
480 3519 539 3565 sua
560 3518 661 3587 opera
682 3519 773 3592 rreum
796 3517 877 3580 esse,
899 3505 935 3562 ut
955 3497 1068 3562 alionis
1090 3497 1231 3564 consiliis
1258 3495 1463 3586 perficiendis
1491 3497 1671 3580 inserviret,
1701 3517 1774 3560 eum
1798 3499 1868 3584 jam
1898 3494 1933 3560 id

312 3643 418 3709 agere,
450 3628 487 3684 ut
515 3641 550 3683 se
578 3627 740 3704 tamquam
768 3617 1012 3682 instrumentum
1039 3615 1191 3682 detritum
1213 3614 1377 3706 abjiceret,
1407 3638 1514 3706 neque
1541 3625 1738 3681 constantem
1770 3615 1830 3680 sibi
1859 3634 1932 3679 cum

312 3741 432 3810 liberae
461 3736 656 3825 reipublicae
684 3733 867 3808 vindicibus
890 3757 960 3802 esse
986 3757 1081 3824 posse
1103 3737 1284 3804 amicitiam.
1329 3735 1420 3802 Haec
1441 3745 1478 3802 ut
1505 3737 1682 3821 doceretur,
1704 3736 1813 3803 verbis
1838 3736 1933 3808 Hirtii

311 3857 449 3926 consulis
482 3853 676 3938 moribundi,
708 3855 763 3942 qui
800 3854 949 3920 Caesaris
978 3854 1051 3920 olim
1081 3856 1186 3921 fuerat
1221 3855 1396 3940 familiaris,
1424 3855 1511 3921 haud
1540 3855 1638 3921 dubie
1672 3855 1728 3920 vix
1751 3875 1831 3945 opus
1853 3865 1933 3941 erat,

310 4000 515 4068 quamquam,
536 3997 620 4064 quae
642 3974 683 4041 de
705 3996 745 4041 ea
766 3997 801 4040 re
823 3975 992 4064 Appianas
1014 3982 1133 4058 narrat,
1154 3997 1219 4040 non
1241 3975 1327 4041 omni
1348 3996 1391 4038 ex
1414 3983 1505 4062 parte
1525 3972 1600 4038 licta
1630 3953 1832 4039 dixerimus(
1862 3975 1947 4039 Mn·-

310 4106 447 4164 latorum
468 4105 575 4161 autem
590 4093 792 4160 oonsiliornm
812 4095 968 4160 rationem
993 4093 1128 4180 primum
1143 4094 1348 4182 epistolarum
1368 4094 1454 4158 inter
1469 4091 1681 4158 Octavianum
1704 4102 1736 4158 et
1756 4095 1930 4159 Antonium

309 4217 475 4280 missarum
505 4214 698 4280 commercia
725 4208 945 4302 prodiderunt
989 4210 1178 4280 Ciceronem
1208 4211 1252 4277 ab
1275 4233 1313 4278 eo
1329 4210 1404 4277 inde
1419 4218 1562 4298 tempore
1578 4211 1778 4278 Octavianus
1800 4212 1930 4276 missum

310 4335 415 4400 lacere
442 4333 573 4422 incepit.
624 4330 687 4398 Sed
719 4342 891 4419 antequam
921 4332 1028 4396 omnia
1057 4328 1192 4415 vincula,
1221 4329 1338 4419 quibus
1368 4329 1528 4419 prioribus
1557 4331 1668 4396 amida
1697 4331 1791 4396 etiam
1814 4329 1930 4417 ligatus

310 4463 388 4539 erat,
421 4451 628 4542 abrumperet
657 4471 824 4539 novasque
853 4448 1055 4518 conbaberet
1083 4449 1270 4535 societatem
1295 4451 1408 4516 summi
1441 4451 1648 4536 magistratus
1675 4449 1865 4514 auctoritate
1894 4471 1930 4514 se

310 4572 532 4639 cremandum
548 4593 619 4640 esse
634 4569 859 4638 arbitrabatur.
904 4568 1064 4636 Consules
1077 4575 1170 4634 orant
1184 4567 1371 4636 subiciendi.
1408 4567 1482 4656 lpse
1497 4578 1532 4632 ut
1546 4568 1753 4654 srrfficeretur,
1768 4569 1928 4634 exercitus
