4356 5300
1007 429 1040 442 rm
1053 427 1064 442 x.
1092 427 1118 440 xre
1132 425 1175 440 trit·
1190 428 1195 438 x

297 555 451 632 tantaque
473 543 636 610 eeleritate
657 567 730 610 cum
752 547 895 612 exercitu
917 549 979 612 iter
999 548 1084 633 iecit,
1107 552 1143 608 ut
1159 545 1331 633 Pompejus
1346 567 1418 610 cunr
1434 549 1582 612 universo
1606 559 1728 634 senatu,
1750 571 1792 618 ue
1806 552 1839 616 in
1853 554 1927 637 ipsa

297 664 377 732 urbe
400 669 584 748 caperetur,
608 662 719 728 relicto
741 667 866 731 aerario
887 668 920 730 in
935 663 1044 732 ltaliae
1066 673 1176 751 partes
1197 665 1383 730 remotiores
1405 666 1601 754 confugeret.
1638 667 1773 733 Factum
1793 679 1843 735 est
1864 670 1926 736 hoe

298 783 412 850 eodem
432 799 536 867 prope
564 783 626 868 die,
657 801 720 868 quo
743 784 906 852 Labienus
934 783 1115 850 aCaesare
1141 782 1267 868 defecit,
1297 785 1351 867 qui
1382 785 1409 848 ri
1430 786 1542 869 paucis
1571 784 1686 851 diebus
1713 795 1798 871 unte,
1827 805 1923 871 quam

297 903 515 969 rarefactum
538 911 596 987 est,
624 889 758 975 Romam
789 905 944 990 potuisset
966 905 1086 988 venire,
1114 901 1199 988 lraud
1229 901 1327 966 dubie
1348 903 1482 968 multum
1512 905 1553 970 ad
1576 905 1808 976 confirmandos
1831 927 1923 973 sena·

299 1035 404 1088 torum
426 1021 547 1088 animos
570 1023 676 1088 valere
698 1031 832 1108 poterat.
872 1023 936 1088 Vix
958 1033 1069 1088 autem
1089 1021 1152 1087 dici
1176 1029 1288 1104 potest,
1311 1033 1510 1108 quantopere
1533 1034 1662 1091 senatus
1683 1025 1746 1090 ista
1765 1043 1924 1110 praeceps

299 1143 378 1229 iuga
405 1142 560 1226 optimum
589 1159 749 1226 quemque
779 1153 811 1207 et
832 1160 910 1226 prae
933 1144 1046 1207 ceteris
1069 1139 1256 1206 Ciceronem
1277 1144 1458 1229 pupugerit.
1500 1142 1575 1208 Una
1595 1145 1679 1208 euim
1705 1145 1739 1208 in
1761 1144 1840 1210 urbe
1861 1143 1921 1210 rei·

300 1259 445 1347 publicae
467 1262 640 1326 auotoritas
662 1261 724 1326 sita
744 1282 815 1326 esse
836 1260 1015 1328 videbatur.
1060 1260 1151 1342 Quae
1176 1277 1274 1344 quum
1296 1261 1342 1326 ita
1362 1273 1478 1342 essent,
1501 1271 1606 1328 tamen
1629 1261 1742 1328 Cicero
1765 1263 1920 1353 Pompejo

298 1381 444 1448 addictus
459 1399 531 1444 esse
551 1401 615 1444 non
638 1379 733 1445 desiit
754 1390 786 1446 et
807 1403 922 1446 munus
944 1381 1155 1465 periculosum
1188 1378 1230 1445 ab
1252 1401 1291 1444 co
1313 1379 1374 1444 sibi
1397 1381 1517 1465 imponi
1539 1399 1653 1465 passus
1674 1389 1734 1447 est.
1778 1381 1917 1448 Volebat

299 1503 384 1567 cuin
407 1499 576 1584 Pompeius
591 1495 778 1564 Ciceronem
800 1519 880 1583 esse,
904 1517 999 1584 quem
1022 1507 1089 1565 tota
1110 1495 1277 1582 Campana
1298 1509 1330 1564 et
1344 1501 1503 1565 maritima
1524 1521 1581 1565 ora
1595 1498 1729 1568 haberet
1741 1503 1918 1566 ἐπίσκοπον

301 1629 332 1686 et
353 1619 394 1685 ad
417 1637 511 1704 quem
534 1615 676 1682 delectus
698 1628 731 1684 et
753 1639 876 1684 summa
895 1619 1017 1706 negotii
1038 1617 1220 1683 referretur.
1264 1617 1412 1703 Suscepit
1435 1619 1564 1704 quidem
1586 1617 1702 1686 Gicero
1725 1621 1918 1704 provinciam

298 1740 359 1806 sibi
381 1739 574 1815 mandatam,
604 1735 672 1818 sed,
694 1736 883 1821 simulatque
913 1737 1053 1820 advenit,
1083 1759 1152 1801 eam
1181 1738 1249 1801 sine
1275 1739 1420 1817 exercitu
1450 1741 1576 1804 omnino
1605 1740 1707 1806 teneri
1732 1761 1795 1804 non
1823 1757 1919 1823 posse

298 1859 465 1925 intellexit.
510 1855 620 1940 ltaque
646 1857 775 1941 negotio
797 1855 920 1921 destitit
947 1866 977 1920 et
1000 1857 1141 1940 privatos
1165 1852 1296 1940 Capuae
1325 1859 1450 1924 mansit.
1497 1858 1568 1924 Huc
1597 1861 1741 1944 accessit,
1770 1857 1856 1944 quod
1885 1859 1918 1924 iu

299 1979 370 2044 dies
392 1978 495 2064 magis
515 1972 745 2061 ἄστρατὴγηων
761 1973 945 2063 Pompejum
962 1976 1121 2060 cognovit,
1146 1977 1210 2059 qui,
1225 1995 1324 2061 quum
1340 1979 1443 2042 omnis
1458 1995 1531 2062 spes
1553 1979 1585 2043 in
1600 1976 1726 2044 duabus
1741 1975 1920 2064 legionibus

301 2095 504 2164 Caesarianis
534 2093 686 2159 insidiose
715 2095 847 2159 retentis
873 2095 1100 2176 contineretur,
1129 2093 1274 2158 delectos
1300 2116 1379 2159 vcro
1408 2104 1492 2160 esset
1513 2098 1684 2162 invitorum
1714 2105 1746 2160 et
1768 2117 1788 2160 a
1810 2115 1920 2182 pugna

299 2217 540 2283 abhorrentium
561 2231 667 2297 oeque
689 2221 818 2278 strenue
840 2209 956 2277 bellum
979 2213 1116 2297 parabat
1138 2223 1169 2276 et
1188 2213 1258 2300 jam
1280 2212 1320 2279 de
1342 2213 1553 2298 relinquenda
1574 2213 1663 2281 ltalia
1684 2215 1825 2300 cogitare
1849 2235 1918 2278 eoe—

297 2345 401 2421 perat.
444 2331 627 2399 Terentiam
654 2352 788 2396 uxorem
816 2338 848 2396 et
875 2331 1011 2397 Tulliam
1040 2331 1138 2396 tiliam
1168 2327 1280 2396 Cicero
1309 2333 1351 2399 ab
1378 2335 1467 2399 initio
1497 2335 1618 2400 Romae
1646 2333 1819 2418 reliqueret
1843 2353 1920 2397 eura

298 2475 408 2520 earum
429 2453 540 2518 amieis
561 2454 594 2517 in
616 2451 696 2516 urbe
718 2447 876 2514 residibus
898 2449 1100 2516 demandata.
1135 2451 1210 2517 Jam
1232 2473 1287 2516 eas
1309 2453 1342 2516 in
1358 2451 1524 2537 praedium
1540 2453 1744 2520 Formianum
1759 2453 1916 2535 avocavit,

299 2591 364 2658 quo
386 2574 509 2657 etipse
538 2595 567 2636 a.
590 2571 621 2636 d.
646 2568 697 2637 lll.
721 2567 787 2634 Cal.
817 2567 912 2634 Febr.
943 2572 1108 2652 concessit,
1137 2570 1171 2636 id
1201 2593 1274 2636 oum
1297 2573 1403 2636 animo
1425 2580 1580 2638 statutum
1603 2571 1734 2655 habena,
1762 2581 1807 2656 ut,
1837 2569 1916 2636 dum

300 2693 387 2777 pacis
403 2701 486 2757 esset
502 2711 585 2779 spes,
607 2690 652 2756 ibi
668 2698 820 2771 maneret,
841 2689 891 2753 sin
908 2687 1024 2754 bellum
1045 2699 1220 2777 gereretur,
1242 2709 1284 2754 ne
1299 2691 1401 2756 officio
1424 2691 1560 2758 deesset.
1589 2690 1699 2772 Quare
1718 2708 1917 2775 quamquam

298 2811 404 2876 Attico
427 2831 485 2877 suo
513 2812 628 2875 iterum
655 2819 752 2895 atque
773 2810 889 2873 iterum
911 2809 1047 2893 scripsit,
1068 2808 1145 2874 nihil
1174 2817 1281 2873 amum
1310 2829 1381 2873 esse
1410 2831 1430 2873 a
1459 2809 1612 2898 Pompejo
1641 2810 1812 2893 sapienter,
1838 2803 1917 2872 nibil

300 2929 432 3014 fortiter,
460 2928 537 2994 nihil
554 2929 626 3004 ,nisi
656 2939 767 2992 contra
794 2929 894 3014 ipsius
916 2927 1081 2993 consilium
1109 2937 1206 3014 atque
1227 2929 1467 3005 auctoritatem
1497 2938 1605 2994 tamen
1635 2946 1736 3012 quum
1758 2926 1801 2992 ab
1823 2947 1862 2991 eo
1883 2931 1916 2991 in

300 3047 449 3133 Apuliam
473 3057 670 3129 evocaretur,
692 3047 854 3131 profectus
876 3057 933 3113 est.
971 3045 1036 3112 Sed
1059 3063 1158 3130 quum
1181 3047 1350 3112 Theanum
1373 3045 1553 3112 Sidicinum
1569 3047 1720 3132 venisset,
1741 3043 1783 3112 ab
1805 3046 1916 3111 amicis

299 3168 415 3232 certior
436 3178 483 3232 est
506 3166 617 3250 lactus,
641 3173 740 3232 totam
761 3163 847 3230 illam
869 3174 998 3250 terram,
1020 3183 1190 3249 perquam
1211 3167 1273 3230 iter
1292 3166 1475 3231 iaciendum
1498 3176 1576 3251 erat,
1598 3163 1750 3231 Caesaris
1771 3165 1914 3230 exercitu

300 3288 410 3355 teneri.
455 3281 571 3370 ltaque
590 3285 625 3351 iu
648 3285 854 3350 Formianum
877 3304 968 3350 soum
991 3283 1097 3349 redire
1119 3296 1248 3350 coaetus
1270 3299 1329 3350 est.

424 3405 500 3472 Jam
521 3425 599 3469 vero
621 3403 724 3491 magis
744 3406 777 3470 in
800 3401 869 3470 dies
890 3404 1052 3490 cognitum
1075 3411 1140 3488 eet;
1163 3403 1353 3492 Pompeium
1374 3403 1454 3468 nihil
1473 3404 1535 3470 nisi
1556 3403 1666 3491 lugam
1688 3403 1721 3468 in
1743 3401 1915 3468 Graeciam

299 3525 463 3609 meditari3
493 3521 580 3607 quod
606 3524 841 3610 siperegisset,
874 3519 999 3607 Cicero,
1028 3521 1106 3607 quid
1128 3523 1188 3588 sibi
1212 3533 1296 3588 esset
1321 3523 1493 3609 agendum,
1523 3521 1618 3588 valde
1639 3520 1819 3588 dubitabat.
1862 3520 1914 3588 Ad

297 3643 491 3710 manendum
515 3645 600 3708 enim
622 3641 766 3710 initalia
786 3645 920 3710 laureati
942 3642 1078 3725 lictores,
1099 3643 1272 3730 improvidi
1294 3650 1327 3706 et
1347 3641 1547 3730 negligentes
1562 3642 1709 3731 Pompeji
1731 3640 1840 3726 duces,
1863 3661 1915 3709 uo·

295 3773 466 3850 gnatorum
496 3761 526 3826 in
556 3760 666 3847 primis
694 3779 807 3848 preces
837 3761 1064 3846 bortabantor3
1093 3761 1136 3826 ad
1158 3745 1269 3849 sugam
1291 3758 1430 3828 amicitia
1452 3759 1569 3844 Gnaei,
1597 3783 1695 3828 causa
1716 3779 1837 3845 eorum,
1858 3759 1913 3846 qui

295 3882 499 3950 habebantur
520 3881 605 3968 boni,
629 3881 755 3970 tyranni
777 3880 929 3947 incitabat
949 3881 1070 3946 horror.
1114 3881 1210 3964 Quod
1233 3899 1332 3965 quum
1353 3877 1400 3948 ita
1420 3889 1515 3966 esset,
1537 3901 1696 3946 summam
1719 3877 1818 3945 dabat
1838 3899 1914 3966 ope

295 4023 375 4086 ram,
403 4010 448 4085 ut,
476 4002 502 4067 si
532 3999 601 4068 lieri
631 4011 749 4088 posset,
777 3999 828 4070 rel
849 3999 881 4066 iu
904 3999 964 4065 bae
985 4009 1132 4066 extrema
1153 3998 1227 4066 belli
1249 3998 1437 4065 necessitate
1466 4017 1533 4082 pax
1554 3997 1783 4064 restitueretur.
1828 3997 1911 4064 Nam

295 4139 395 4207 quum
425 4121 519 4188 datae
547 4131 656 4188 ament
675 4121 717 4187 ad
746 4121 850 4207 ipsum
879 4118 1025 4198 Caesaris
1048 4121 1181 4207 ejusque
1203 4119 1378 4184 amicorum
1404 4114 1548 4203 Antonii,
1572 4115 1761 4184 Dolabellae
1790 4119 1911 4206 generi,

295 4239 406 4325 (belii,
435 4241 570 4307 aliorum
601 4239 771 4328 epistolae3
805 4261 934 4306 summa
954 4255 1054 4323 opera
1074 4237 1188 4304 enixus
1215 4248 1274 4321 est,
1295 4235 1469 4304 Caesarem
1495 4245 1531 4303 ut
1552 4237 1704 4322 placaret,
1732 4235 1838 4304 eludia
1864 4259 1913 4304 re

295 4369 441 4425 moveret
454 4381 553 4426 arma
589 4359 782 4448 Pertulgata
801 4368 929 4425 estona
950 4381 993 4424 ex
1007 4355 1158 4444 epistolis,
1180 4376 1278 4442 quam
1292 4355 1335 4422 ad
1350 4353 1523 4422 Caesarem
1539 4355 1682 4434 dederat,
1703 4363 1736 4422 et
1750 4355 1782 4422 io
1796 4353 1910 4422 vitium

295 4476 354 4563 ipsi
376 4477 418 4544 ab
439 4475 550 4545 amitis
572 4475 719 4565 Pompeji
740 4499 879 4562 versum,
900 4477 989 4562 quod
1010 4499 1075 4542 non
1096 4475 1174 4543 sutis
1195 4497 1216 4542 a
1236 4474 1429 4560 reipublicae
1451 4475 1592 4543 stetisset
1613 4473 1769 4560 partibus.
1813 4473 1910 4556 Quod

295 4597 419 4664 etiamsi
441 4621 504 4664 nou
526 4597 627 4684 pluris
649 4597 776 4682 laceret,
799 4606 906 4662 tamen
920 4594 1033 4681 prioris
1054 4617 1127 4661 eum
1150 4592 1336 4680 poenitebat
1350 4592 1469 4661 consilii
1484 4611 1665 4678 navemque
1680 4591 1824 4679 parabat,
1846 4610 1912 4678 qua
