4356 5300
1071 244 1120 320 18

978 301 980 310 ι

1000 347 1068 362 ιΛιΜχ
1078 347 1121 362 ΚΑΙ·
1136 349 1141 354 “
1158 349 1171 361 V,

279 467 403 554 puerili.
448 466 571 534 Exciso
592 477 662 532 erat
683 465 791 538 arbor,
812 487 877 530 non
893 465 1014 548 evulsa,
1024 467 1167 551 jamque,
1182 477 1217 532 ut
1231 470 1371 534 maxime
1389 480 1526 556 poterat,
1544 471 1764 540 fruticabatur.
1811 476 1914 561 Regni

277 585 406 651 relictus
437 595 507 650 erat
539 585 643 652 beree.
699 584 813 670 Neque
848 606 896 666 aa,
930 605 1012 669 quaa
1044 583 1217 668 acciderat,
1245 608 1352 652 rerum
1381 591 1586 655 commutatio
1616 612 1687 656 curn
1719 592 1914 679 reipublicae

279 704 491 770 emolumento
512 703 681 789 conjuncta
704 711 782 784 erat,
806 703 832 766 si
854 700 984 787 quidem
1008 725 1065 787 pro
1089 701 1232 767 Caesare
1256 706 1430 768 Antonium
1453 704 1604 773 habitura
1628 722 1714 776 esset
1740 709 1914 777 dominum.

279 821 343 903 Qui
366 844 464 908 quum
487 833 560 907 post
581 818 887 885 turbulentissimum
911 817 1062 886 Caesaris
1085 820 1180 884 funus
1203 843 1376 908 parumper
1397 825 1560 910 saniorem
1583 828 1669 892 vianr
1684 831 1812 916 ingredi
1835 830 1915 896 velle

278 941 367 1006 visus
390 950 493 1022 esset3
516 961 592 1002 moa
618 939 782 1003 conversis
805 939 838 1002 in
861 960 953 1002 suum
975 960 1066 1004 usum
1090 947 1122 1002 et
1145 938 1297 1004 Caesaris
1319 951 1351 1004 et
1372 941 1489 1004 aerarii
1505 941 1620 1026 opibus
1636 949 1744 1010 omnia
1765 959 1917 1036 coeperat

272 1059 412 1124 'miscere
446 1067 478 1121 ct
511 1054 699 1121 libidinibus
732 1055 886 1142 abreptus
913 1055 1031 1120 nullam
1062 1056 1127 1120 vim
1155 1055 1338 1143 nullamque
1367 1058 1527 1144 injuriam,
1550 1057 1723 1124 dummodo
1752 1067 1802 1146 iis,
1831 1089 1914 1152 quae

278 1187 413 1264 peteret,
438 1173 644 1263 perficiendis
665 1176 822 1239 inservire
845 1185 965 1261 posset,
985 1173 1260 1259 perhorrescebat.
1306 1175 1456 1240 Caesaris
1471 1175 1571 1260 igitur
1588 1187 1812 1242 testamentum
1826 1203 1916 1265 prae-

278 1303 402 1376 texens,
418 1313 501 1380 quae
515 1293 558 1358 ab
574 1315 675 1358 uxore
691 1294 862 1378 superstite
877 1289 1091 1357 servabantur
1105 1292 1210 1356 mariti
1226 1293 1346 1378 scripta
1360 1291 1422 1358 sibi
1439 1293 1597 1360 tradenda
1620 1298 1754 1365 curavit.
1789 1296 1915 1378 Quibus

279 1414 420 1478 munitus
442 1411 475 1476 id
499 1435 597 1478 unum
619 1413 696 1496 egit,
719 1425 754 1474 ut
768 1410 904 1475 eandem
920 1412 953 1474 in
969 1409 1135 1496 republica
1148 1412 1225 1493 vim,
1241 1431 1306 1496 qua
1321 1408 1444 1476 Caesar
1459 1434 1535 1477 usus
1551 1427 1630 1497 erat,
1648 1415 1710 1480 sibi
1728 1417 1915 1502 vindicaret,
1959 1489 1961 1498 ,

280 1529 430 1617 facilique
453 1531 582 1616 negotio
605 1531 778 1614 pessimum
802 1549 961 1615 quemque
985 1527 1046 1592 sibi
1070 1539 1260 1596 sectatorem
1290 1529 1448 1616 adjunxit
1500 1531 1574 1596 Jam
1605 1533 1754 1599 omnibus
1784 1539 1832 1618 iis,
1861 1539 1917 1622 qui

279 1661 391 1714 contra
413 1647 586 1714 Caesarem
608 1647 761 1728 fecerant,
783 1647 975 1732 gravissima
995 1646 1146 1711 intentari
1168 1646 1311 1732 pericula
1333 1658 1448 1734 coepta
1470 1661 1543 1714 sunt
1558 1648 1710 1736 multique
1726 1649 1803 1716 boni
1825 1654 1912 1716 cives

281 1768 445 1832 securitati
474 1788 551 1830 suae
582 1764 789 1852 providentes
819 1764 922 1828 Roma
950 1776 1167 1830 excesserunt.
1220 1765 1307 1830 Inter
1328 1765 1388 1830 hos
1410 1765 1531 1832 Brutus
1554 1778 1623 1832 erat
1652 1777 1787 1855 uterque
1818 1779 1915 1856 atque

280 1884 420 1951 Cassius.
475 1883 565 1950 idem
596 1883 712 1948 Cicero
742 1881 828 1964 fecit,
858 1903 954 1968 quem
983 1881 1087 1967 Aprili
1108 1893 1142 1947 et
1162 1882 1249 1969 Majo
1279 1886 1444 1952 mensibus
1474 1885 1567 1973 hujus
1598 1891 1674 1951 anni
1705 1888 1805 1971 villas,
1837 1909 1917 1974 quas

278 2025 338 2090 per
367 2013 465 2068 totam
498 1999 624 2067 ltaliam
654 1998 806 2082 babebat,
830 1999 1076 2085 perlustrantem
1099 1999 1255 2067 videmus.
1299 2002 1453 2068 Calendis
1474 2003 1580 2068 Juniis
1602 2014 1767 2070 senatores
1795 2004 1917 2071 consuli

278 2134 409 2209 praesto
432 2141 503 2184 esse
519 2120 604 2207 jussi
627 2129 726 2185 erant
774 2118 884 2204 ltaque
908 2116 1022 2184 Cicero
1045 2131 1077 2184 et
1098 2123 1167 2206 ipse
1197 2122 1404 2186 rusticatione
1435 2124 1555 2186 omissa
1579 2121 1715 2196 Romam
1743 2123 1908 2188 contendit

282 2239 326 2304 At
347 2238 398 2304 ille
421 2249 551 2303 senatus
574 2238 702 2301 omnino
726 2257 790 2301 non
821 2247 870 2302 est
897 2236 1043 2321 habitum
1073 2248 1238 2304 senatores
1268 2241 1362 2324 enirn,
1392 2243 1447 2326 qui
1475 2239 1659 2326 frequentes
1688 2253 1916 2326 convenerant,

280 2359 432 2423 inusitata
453 2355 543 2422 urbis
564 2357 672 2442 specie
695 2353 937 2439 minacibusqua
959 2356 1170 2443 apparatibus
1191 2358 1295 2422 territi
1317 2358 1524 2444 diffugerunt
1569 2359 1649 2424 Nam
1670 2361 1839 2442 Antonius,
1861 2363 1917 2447 qui

280 2475 405 2542 ltalism
436 2477 703 2562 permigraverat,
731 2484 766 2538 ut
795 2485 1021 2539 veteranorum
1049 2475 1202 2539 stationes
1225 2476 1354 2557 viseret,
1376 2488 1488 2541 eontra
1509 2476 1597 2564 leges
1621 2489 1653 2543 et
1674 2479 1814 2542 omniurn
1838 2489 1915 2543 tem·

280 2617 394 2681 porum
423 2593 582 2680 exempla,
613 2591 766 2657 militibus
796 2594 924 2678 agmine
947 2591 1104 2678 quadrato
1127 2615 1198 2657 cum
1220 2593 1337 2679 gladiis
1359 2594 1594 2678 comitantibus,
1618 2618 1656 2659 eo
1679 2597 1749 2682 ipso
1771 2607 1916 2684 tempore

281 2712 393 2778 urbem
416 2723 487 2777 crat
507 2713 681 2796 ingressus.
728 2711 842 2776 Cicero
865 2733 972 2796 quum,
996 2711 1136 2775 natalia
1157 2709 1292 2794 videret,
1316 2713 1396 2778 urbe
1418 2712 1534 2777 abesse
1556 2724 1591 2778 ut
1611 2715 1751 2778 maxime
1774 2724 1915 2800 cuperet,

281 2854 302 2898 a
323 2829 503 2911 Dolabella,
527 2838 562 2894 ut
582 2829 643 2894 sibi
668 2826 857 2914 selegerat,
880 2831 995 2915 petivit
1014 2841 1111 2916 atque
1132 2829 1218 2895 nullo
1241 2832 1372 2916 negotio
1400 2831 1433 2896 id
1460 2831 1653 2917 impetravit.
1698 2833 1780 2897 Erat
1809 2843 1916 2898 autem

281 2947 393 3032 libera,
416 2970 499 3035 quae
528 2946 705 3031 dicebatur,
735 2947 852 3033 legatio
881 2970 901 3012 a
931 2947 1061 3013 consule
1091 2951 1232 3014 senatori
1262 2951 1294 3013 in
1316 2952 1457 3035 quinque
1478 2971 1581 3014 annos
1601 2951 1634 3013 in
1658 2951 1824 3036 provincia
1846 2973 1917 3015 cum

280 3064 477 3154 reipublicae
491 3067 680 3130 auctoritate
702 3064 843 3151 degendi
864 3069 967 3131 venia.
1014 3065 1123 3131 Dabat
1145 3065 1221 3130 illud
1245 3067 1414 3153 legationis
1436 3090 1539 3154 genus
1568 3067 1729 3133 licentiam
1760 3083 1793 3132 et
1820 3069 1918 3132 intro·

281 3185 426 3252 aaudiat
444 3183 594 3267 exeundi,
610 3205 708 3270 quum
730 3183 836 3267 vellet,
859 3182 1112 3271 exsolvebatque
1128 3185 1242 3268 officio,
1265 3196 1300 3251 ut
1322 3184 1375 3250 die
1390 3185 1477 3251 dicta
1499 3187 1532 3249 in
1548 3196 1659 3251 senatu
1677 3197 1805 3271 praesto
1822 3196 1917 3250 esset.

281 3303 374 3370 Bella
396 3303 545 3368 Ciceroni
567 3301 660 3390 bajus
677 3302 760 3389 juris
783 3303 992 3389 quinquennii
1015 3302 1143 3368 lieentia
1164 3305 1236 3368 visa
1257 3314 1316 3386 est,
1338 3314 1371 3368 st
1386 3305 1455 3389 ipse
1471 3305 1564 3389 quasi
1584 3305 1693 3370 sutura
1706 3307 1917 3391 praesagiens

284 3421 421 3488 subinde
451 3421 558 3488 addit:
590 3421 813 3508 „Quamquam
842 3420 921 3507 quid
950 3421 990 3487 de
1021 3423 1264 3508 quinquennio?
1296 3421 1452 3487 Contrahi
1481 3421 1558 3486 mibi
1587 3425 1750 3509 negotium
1779 3422 1916 3488 videtur.

283 3541 350 3608 Sed
379 3541 559 3630 βλάσφημα
589 3539 780 3606 mittamus“.
830 3540 906 3605 Jam
936 3540 1021 3604 anim
1050 3537 1199 3605 Ciceroni
1227 3540 1345 3606 bellurn
1367 3539 1464 3628 idque
1488 3542 1706 3627 perniciosius,
1728 3563 1824 3626 quam
1853 3563 1917 3626 quo

282 3661 386 3726 victus
401 3669 471 3724 arat
486 3659 667 3746 Pompejns,
682 3659 849 3722 imminere
864 3656 1044 3740 videbatur,
1059 3680 1164 3744 neque
1181 3681 1219 3724 eo
1234 3660 1267 3723 in
1284 3658 1368 3723 bello
1390 3659 1469 3739 iore,
1490 3669 1526 3723 ut
1545 3659 1658 3722 liceret
1680 3679 1750 3722 esse
1766 3658 1917 3742 medium,

284 3802 381 3867 quum
403 3779 498 3842 nimis
520 3777 631 3863 optimi
653 3777 808 3862 cujusque
830 3777 990 3841 sententia
1004 3777 1207 3862 apparuisset
1222 3799 1266 3841 ex
1281 3776 1402 3843 laetitia
1417 3777 1458 3841 de
1475 3775 1616 3842 Caesare
1632 3775 1768 3842 sublato.
1813 3777 1918 3843 Unica

281 3897 478 3984 reipublicae
500 3915 575 3982 spes
597 3897 628 3958 in
652 3893 760 3959 Brutis
783 3905 816 3960 et
837 3896 870 3958 in
893 3893 1007 3960 Cassio
1029 3893 1179 3960 Ciceroni
1201 3893 1373 3960 videbatur
1394 3895 1561 3977 contineri,
1584 3893 1700 3980 quibus
1723 3917 1757 3959 se
1779 3893 1918 3962 libenter

284 4015 514 4102 conjunxisset,
542 4014 570 4078 si
599 4013 770 4098 πολεμήϊα,
801 4025 835 4078 ut
862 4015 931 4100 ipse
962 4011 1049 4096 dicit,
1079 4013 1159 4096 ἔργα
1188 4015 1218 4078 ei
1249 4012 1325 4078 data
1353 4010 1494 4077 luissent.
1540 4011 1656 4100 ltaque
1685 4013 1727 4079 de
1749 4015 1863 4079 itinere
1885 4016 1917 4078 in

284 4132 454 4198 Graeciam
476 4129 625 4196 faciendo
647 4133 789 4217 cogitare
817 4153 882 4196 non
904 4131 1009 4213 desiit,
1040 4143 1074 4196 ut
1101 4131 1147 4196 ibi
1170 4132 1202 4195 in
1226 4130 1306 4196 urbe
1328 4131 1436 4219 aliqua
1457 4141 1573 4219 pacata
1602 4131 1702 4198 literis
1724 4135 1822 4199 otium
1845 4154 1918 4198 eon-

284 4257 434 4317 aeeraret.
477 4250 680 4336 Quamquam
702 4271 931 4336 nonnunquam
954 4251 1050 4315 etism
1072 4248 1113 4314 de
1142 4249 1219 4336 iuga
1240 4249 1283 4314 ad
1313 4250 1395 4317 Dec.
1412 4251 1557 4332 Brutum,
1581 4251 1636 4334 qui
1658 4251 1743 4316 eires
1760 4251 1918 4316 Mutinam

283 4369 460 4435 exercitum
483 4377 595 4434 contra
617 4369 793 4434 Antonium
808 4367 947 4433 Galliam
968 4389 1028 4455 per
1048 4366 1195 4433 fraudem
1218 4369 1249 4432 ei
1271 4377 1455 4455 erepturum
1477 4368 1625 4454 cogebat,
1647 4367 1699 4432 vel
1723 4367 1766 4432 ad
1781 4367 1917 4434 sexam

284 4487 474 4575 Pompcjurn
496 4483 642 4574 paranda
664 4485 836 4571 cogitabat
881 4486 932 4552 De
955 4485 1087 4552 consilio
1110 4486 1208 4570 igitur
1230 4486 1370 4552 meando
1394 4505 1578 4572 suspensus,
1600 4482 1697 4549 modo
1719 4483 1791 4566 buc,
1822 4483 1918 4551 modo
