4356 5300
956 425 978 436 'rt
1005 427 1019 438 μ
1034 423 1079 438 ιΛθὶ
1091 423 1118 438 Ue
1150 423 1155 435 N

249 543 433 634 praetendit
453 543 652 611 voluntatem
680 544 832 611 militibus
853 543 986 628 Romam
1010 545 1042 608 in
1072 553 1217 610 senatum
1245 543 1351 610 missis
1377 541 1630 631 quadringentis,
1656 544 1712 631 qui
1740 543 1868 610 nomine

249 665 497 731 commilitonum
526 685 601 730 eum
629 664 691 730 sibi
719 663 938 754 deposcerent.
990 663 1110 728 Senatu
1143 670 1314 727 eructante
1343 661 1511 728 Cornelios
1539 661 1691 746 centurio,
1719 662 1867 750 princeps

249 783 426 870 legationis,
458 785 578 872 rejecto
610 783 732 872 sagello,
765 783 937 848 ostendens
968 780 1065 867 gladii
1092 781 1251 870 capulum,
1282 801 1345 847 non
1375 778 1536 846 dubitavit
1563 782 1597 846 iu
1627 781 1715 846 curia
1744 780 1869 846 dicere:

250 902 313 968 Hic
333 901 439 986 faciet,
470 904 577 968 sivos
598 925 663 968 non
684 902 832 968 feceritis.
877 897 1003 981 Quibus
1025 900 1118 964 minis
1145 899 1260 966 Cicero
1289 897 1388 966 libere
1418 898 1591 989 subjecisse
1619 900 1734 966 fertur:
1765 901 1814 966 lta
1841 901 1869 966 si

249 1023 377 1110 petierit
405 1021 613 1106 consulatum,
640 1023 784 1111 accipiet
833 1021 1013 1085 Resistente
1041 1021 1137 1105 igitur
1159 1028 1281 1103 senatu,
1303 1018 1420 1084 milites
1440 1041 1476 1084 re
1498 1019 1616 1085 inlecta
1637 1017 1742 1085 redire
1768 1020 1869 1086 eoacti

252 1151 334 1206 eunt.
380 1140 452 1221 Quo
474 1142 604 1227 cognito
632 1141 830 1208 Octavianus
851 1139 1026 1205 Antonium
1048 1137 1271 1229 Lepidumque
1300 1161 1342 1204 ex
1363 1137 1469 1205 Gallia
1495 1139 1528 1204 in
1557 1138 1678 1205 ltaliam
1705 1137 1870 1206 arcessivit

250 1270 283 1325 et
305 1257 372 1349 ipse
394 1257 537 1346 legiones
558 1258 713 1326 hostiliter
738 1260 780 1325 ad
802 1258 915 1324 urbem
937 1257 1089 1326 admovit
1135 1257 1184 1323 Eo
1215 1267 1335 1323 terrore
1364 1256 1621 1323 adversariorum
1651 1256 1750 1326 animi
1778 1257 1869 1326 fracti

251 1389 324 1444 sunt
346 1387 377 1442 et
401 1377 598 1444 Octavianus
619 1399 692 1443 cum
709 1378 749 1460 Q.
771 1376 871 1443 Pedio
893 1379 1053 1444 suffectus.
1097 1378 1209 1442 Cicero
1231 1398 1330 1465 quum
1349 1375 1445 1467 paulo
1462 1385 1537 1442 ente
1561 1374 1761 1443 comitiorum
1783 1377 1868 1443 diem

251 1495 343 1586 quasi
357 1495 611 1584 gratulabundus
627 1495 659 1561 in
674 1495 842 1562 Octaviani
865 1507 971 1562 castra
985 1495 1133 1578 venisset,
1147 1493 1240 1561 facile
1253 1504 1396 1562 veterem
1412 1495 1555 1562 favorem
1571 1495 1692 1586 perisse
1707 1495 1869 1564 intellexit.

250 1615 473 1704 Frigidissime
503 1613 588 1682 enim
616 1627 771 1703 exceptus
797 1625 854 1700 est,
878 1613 1128 1705 exprobratione
1147 1613 1267 1698 addita,
1290 1637 1363 1679 eum
1387 1637 1429 1680 ex
1452 1614 1599 1680 omnibus
1621 1615 1732 1681 amicis
1758 1615 1870 1683 venire

251 1746 460 1826 postremum.
510 1733 635 1800 Eodem
667 1743 812 1824 tempore
842 1731 938 1799 etiam
967 1731 1167 1800 notissimum
1197 1732 1272 1798 illud
1309 1733 1477 1800 dicterium
1511 1732 1730 1800 circumlatum
1764 1747 1822 1820 est,
1849 1757 1871 1803 a

251 1854 407 1921 Cicerone
421 1852 637 1920 Octavianum
660 1853 898 1920 adolescentem
921 1852 1042 1920 dictum
1065 1876 1135 1918 esse
1149 1851 1364 1936 laudandum,
1385 1853 1574 1938 ornandum,
1598 1852 1788 1939 tollendum3
1811 1855 1868 1920 sed

252 1972 465 2040 Octavianum
488 1995 552 2039 non
576 1995 647 2038 esse
671 1995 853 2063 passurum,
876 1982 910 2038 ut
932 1971 998 2038 tolli
1022 1982 1138 2061 posset.
1182 1969 1278 2054 Quod
1300 1970 1378 2060 quid
1401 1969 1461 2038 sibi
1483 1971 1587 2056 vellet,
1617 1971 1779 2060 cognitum
1809 1983 1868 2058 est,

252 2114 351 2180 quum
384 2103 523 2158 exeunte
556 2113 666 2156 mense
699 2091 867 2158 novembri
895 2091 1024 2158 nuntius
1052 2093 1092 2158 de
1118 2091 1248 2159 foedere
1278 2089 1339 2174 illo,
1369 2089 1456 2180 quod
1483 2089 1564 2156 inter
1592 2090 1808 2157 Octavianum
1836 2103 1869 2158 et

250 2210 425 2277 Antonium
449 2221 482 2276 et
495 2209 655 2301 Lepidum
671 2212 702 2276 in
723 2209 828 2276 insula
843 2233 944 2300 prope
960 2209 1137 2276 Bononiam
1154 2207 1252 2276 ictum
1270 2219 1328 2293 est,
1348 2208 1539 2298 percrebuit.
1583 2209 1638 2275 llle
1661 2209 1730 2276 dies
1745 2220 1869 2276 tautum

251 2331 363 2414 luctus,
390 2339 547 2417 quantum
576 2329 683 2396 neseio
712 2351 754 2395 an
776 2327 880 2395 nullus
906 2328 995 2412 alius,
1017 2325 1210 2418 reipublicae
1232 2329 1397 2394 Romanae
1419 2327 1498 2393 tulit.
1542 2327 1760 2396 Marianorum
1782 2331 1867 2395 enim

253 2447 523 2535 Sullanorumque
552 2458 733 2540 temporum
764 2449 915 2540 exempla
944 2445 1055 2516 imitati
1086 2447 1240 2516 triumviri
1270 2445 1464 2535 reipublicae
1493 2445 1734 2515 mustituendae
1756 2448 1868 2537 longas

253 2566 517 2657 proscriptionum
540 2567 665 2634 tabulas
687 2577 933 2658 proposuerunt,
958 2590 1023 2656 quo
1052 2577 1084 2632 et
1106 2566 1310 2634 adversarios
1331 2565 1548 2655 opprimerent
1576 2575 1609 2631 et
1630 2568 1797 2636 facultates
1826 2569 1869 2634 ad

254 2686 365 2752 milites
387 2687 641 2752 remunerandos
663 2688 861 2752 necessarias
883 2684 943 2752 sibi
966 2695 1201 2777 compararent.
1238 2682 1403 2751 Ciceronis
1419 2705 1532 2749 necem
1550 2685 1708 2752 Antonius
1730 2685 1870 2754 foederis

251 2801 381 2870 ineundi
401 2805 523 2872 lecerat
545 2805 759 2872 conditionem
783 2813 815 2870 et
838 2805 1046 2889 Octavianus,
1069 2827 1168 2894 quum
1193 2826 1251 2894 per
1272 2801 1414 2870 triduum
1437 2800 1620 2888 obstitisset,
1650 2803 1780 2870 tandem
1803 2827 1870 2870 arn·

252 2923 375 2989 bitiosis
397 2923 464 2990 suis
486 2919 625 2989 consiliis
648 2945 721 2989 eum
744 2921 895 3012 prodidit.
924 2925 1037 3013 Itaque
1059 2945 1159 3012 quum
1182 2921 1255 2988 odio
1276 2920 1432 2987 acerrimo
1455 2931 1624 3009 peteretur,
1647 2923 1728 2990 inter
1749 2923 1870 3013 primos

250 3021 445 3132 proscriptos
466 3044 533 3109 fato
556 3041 714 3109 occubuit.
753 3041 951 3108 Versabatur
964 3041 1097 3126 Rornae,
1119 3063 1183 3130 quo
1201 3051 1344 3130 ternpore
1367 3041 1428 3104 ista
1446 3037 1580 3138 societas
1597 3041 1673 3108 inita
1696 3051 1753 3110 est
1790 3042 1869 3110 lmle

250 3159 405 3246 nuntiato,
428 3159 610 3226 triumviros
624 3183 702 3226 mox
716 3161 831 3228 urbem
851 3157 1052 3248 ingressuros
1074 3183 1155 3244 esse,
1177 3181 1217 3224 ea
1237 3160 1345 3226 lutura
1359 3156 1550 3246 suspicatus,
1572 3183 1658 3250 quae
1679 3161 1764 3226 facta
1785 3170 1868 3245 sunt,

251 3281 282 3343 in
303 3278 471 3369 praedium
494 3278 713 3345 Tusculanum
738 3279 891 3346 discessit
936 3279 1043 3361 Quum
1072 3276 1115 3344 ibi
1140 3287 1244 3345 certos
1267 3277 1307 3344 de
1329 3276 1559 3369 proscriptione
1589 3301 1648 3344 sua
1668 3277 1795 3342 nuutios
1817 3299 1868 3344 eo·

251 3397 398 3488 cepisset,
421 3395 612 3463 transversis
635 3396 801 3466 itineribus
823 3399 853 3464 in
876 3395 1086 3464 Formianum
1109 3397 1280 3480 contendit,
1303 3406 1338 3461 ut
1359 3417 1442 3462 nave
1465 3394 1596 3485 (lajetae
1624 3418 1799 3462 conscensa
1825 3397 1870 3468 ad

250 3513 388 3582 Brutum
412 3514 444 3580 in
466 3513 689 3583 Macedoniam
716 3511 913 3605 confugeret,
945 3515 1039 3584 sortis
1068 3518 1147 3605 ejus,
1177 3536 1388 3605 quaecunque
1417 3535 1476 3580 usu
1507 3514 1639 3595 veniret,
1663 3517 1732 3603 jem
1762 3515 1867 3583 socius

247 3631 382 3701 futurus.
437 3632 504 3698 Sed
537 3631 703 3720 aliquoties
741 3637 772 3701 in
802 3636 900 3702 altum
931 3644 1118 3726 proveetum
1148 3657 1247 3724 quum
1277 3632 1374 3698 modo
1403 3631 1490 3696 venti
1519 3631 1646 3698 adversi
1677 3633 1870 3724 retulissent,

248 3753 348 3820 modo
371 3754 440 3844 ipse
457 3747 670 3841 jactationem
692 3751 794 3836 navis,
816 3773 913 3818 caeco
936 3752 1085 3818 volvente
1107 3754 1215 3838 fluctu,
1241 3751 1306 3845 pati
1329 3775 1392 3818 non
1422 3760 1541 3841 posset,
1569 3751 1710 3818 taedium
1738 3753 1868 3820 tandem

249 3891 323 3936 eum
356 3881 388 3936 et
420 3872 516 3959 sngee
550 3881 582 3936 et
614 3867 700 3937 vitae
727 3867 822 3960 repit,
849 3889 1081 3959 regressusque
1105 3871 1148 3936 ad
1177 3871 1376 3962 superiorem
1406 3869 1525 3956 villam,
1555 3893 1638 3960 quae
1667 3869 1771 3958 paullo
1797 3871 1869 3961 plus

246 3988 332 4054 mille
360 3987 511 4077 passibus
537 4010 558 4054 a
580 3987 661 4055 mari
683 3989 805 4076 aberat,
827 3988 956 4073 Moriar,
978 3987 1090 4078 inquit,
1112 3988 1144 4054 in
1174 3987 1277 4081 patria
1302 4011 1399 4078 saepe
1429 3999 1565 4057 servata
1616 3989 1702 4056 Satis
1731 4001 1870 4076 consul,

244 4129 358 4178 servos
392 4104 519 4172 fortiter
551 4106 752 4198 fideliterque
783 4120 914 4200 paratos
946 4104 1046 4172 luisse
1075 4107 1117 4174 ad
1146 4107 1382 4190 dimicandum
1414 4107 1484 4194 ipse
1516 4106 1637 4198 deponi
1658 4107 1803 4174 lecticam
1837 4121 1869 4178 et

245 4227 376 4316 quietos
397 4223 475 4312 pati,
506 4223 595 4313 quod
616 4248 686 4290 sors
708 4225 818 4315 inique
839 4236 979 4315 cogeret,
996 4223 1139 4314 jussisse.
1191 4225 1388 4294 Prominenti
1424 4250 1465 4294 cx
1496 4225 1610 4292 lectica
1638 4225 1870 4318 praebentique

245 4331 414 4412 immotam
443 4343 603 4410 cervicem
633 4353 732 4433 caput
760 4345 940 4432 praecisum
970 4354 1028 4410 eet.
1070 4345 1139 4411 Nec
1169 4355 1247 4410 saus
1276 4344 1455 4412 crudelitati
1482 4343 1615 4410 militum
1644 4344 1712 4412 fuit.
1754 4347 1870 4412 Manus

245 4484 387 4552 quoqne,
408 4460 575 4550 scripsisse
596 4459 628 4528 in
650 4461 827 4528 Antonium
849 4461 971 4552 aliquid
993 4463 1221 4553 exprobantes,
1243 4463 1479 4553 praeciderunt
1530 4464 1580 4530 lta
1607 4463 1743 4531 relatum
1771 4475 1870 4556 ceput

243 4581 285 4647 ad
307 4580 483 4648 Antonium
506 4582 667 4670 jussuque
688 4581 758 4670 ejus
782 4579 971 4647 interdum
993 4601 1107 4647 manus
1133 4579 1165 4647 in
1186 4581 1299 4650 rostris
1322 4581 1471 4672 positum,
1498 4581 1554 4650 ubi
1584 4581 1635 4648 ille
1664 4583 1786 4668 consid,
1814 4583 1869 4650 ubi
