4356 5300
1162 343 1176 362 ἱ

971 415 978 430 .
1048 358 1095 432 17

967 459 1022 476 νυ»
1061 457 1117 474 lv's'r
1132 459 1164 472 *U

292 583 329 654 s.
354 583 412 654 De
437 581 633 660 Cicerone.
659 589 750 673 port
775 583 1027 655 interfectum
1054 583 1260 654 Caesarem
1286 586 1337 654 ad
1363 573 1546 676 publicas
1572 605 1636 656 res
1663 605 1831 656 reverso.

523 709 590 766 Inde
605 710 641 764 ab
659 709 754 766 Idibus
772 710 876 766 Martiis
893 712 955 766 anni
972 712 1022 766 710
1041 712 1176 780 usquead
1195 711 1248 765 VH
1268 711 1308 765 ld.
1327 712 1422 767 Decbr.
1439 713 1502 766 anni
1520 713 1577 767 tlt.

370 815 449 878 Post
464 813 637 879 Caesarem
653 813 857 879 interfectum
872 815 916 879 bl.
931 815 1051 879 Brutus
1067 817 1237 900 pugionem
1255 825 1420 880 cruentum
1435 815 1499 881 alte
1515 817 1673 906 extollens
1689 817 1879 883 Ciceronem
1990 907 1994 916 .

243 931 483 998 exclamaverat
511 933 607 1018 eique
640 943 862 1019 recuperatam
896 932 1076 998 libertatem
1111 932 1396 1020 eratgratulatus.
1447 934 1528 998 lude
1558 957 1667 1000 rumor
1696 935 1881 1022 divulgatus

242 1062 322 1134 erat,
338 1048 528 1116 Ciceronem
543 1049 622 1114 faeti
642 1049 743 1116 fuisse
765 1071 941 1116 suasorem.
985 1049 1079 1132 Quod
1102 1063 1137 1116 ut
1159 1062 1254 1134 esset,
1275 1063 1399 1116 tantum
1420 1050 1533 1134 abfuit,
1549 1062 1584 1118 ut
1598 1055 1763 1140 conjurati,
1785 1075 1877 1141 prae·

243 1181 378 1251 eaomm,
400 1169 433 1232 ni
457 1166 560 1250 fallor,
582 1168 646 1232 viri
661 1179 807 1234 naturam
824 1170 928 1253 veriti,
950 1190 1023 1234 enm
1044 1191 1084 1233 ne
1098 1171 1260 1234 conscium
1275 1169 1407 1255 quidem
1423 1169 1499 1234 faeti
1514 1168 1680 1237 haberent.
1726 1159 1880 1236 Laetatui

241 1288 339 1374 igitur
362 1301 411 1352 est
434 1285 552 1352 Cicero
573 1285 659 1351 facto
681 1297 714 1351 et
735 1287 966 1373 comprobavit,
982 1310 1080 1373 quum
1095 1288 1212 1352 bonam
1230 1287 1270 1352 de
1285 1285 1433 1352 libertate
1451 1288 1485 1353 in
1499 1287 1667 1375 republica
1680 1289 1879 1356 restituenda
1962 1303 1964 1309 ‘

243 1426 335 1493 spem
358 1407 568 1492 concepisset,
589 1426 609 1468 a
631 1403 763 1470 consilio
791 1406 1028 1492 conjuratorum
1056 1405 1191 1492 ipsaque
1218 1427 1253 1470 re
1282 1405 1427 1491 gerenda
1452 1405 1565 1472 abfuit.
1609 1406 1678 1471 Nec
1708 1418 1765 1491 est,
1795 1359 1913 1494 quod!

242 1524 433 1607 dubitemus,
455 1526 543 1610 quin,
566 1525 593 1587 si
615 1522 822 1606 interfuisset,
844 1546 915 1588 cum
938 1523 1080 1588 Caesare
1107 1525 1202 1588 etiam
1225 1524 1400 1588 Antonium
1429 1523 1604 1588 tollendum
1634 1536 1788 1590 curasset
1832 1525 1888 1604 Ur,

240 1665 292 1708 res
313 1654 406 1730 gesta
427 1653 484 1718 est,
507 1643 555 1725 iis,
578 1643 633 1728 qui
654 1643 840 1727 gessissent,
865 1641 936 1728 plus
967 1642 1157 1708 auctoritate
1187 1653 1219 1707 et
1249 1640 1377 1706 dicendi
1406 1641 1569 1724 facultate,
1599 1663 1695 1727 quam
1724 1663 1877 1708 manuum
1943 1665 1949 1674 ’

240 1761 367 1842 robore,
390 1759 544 1848 prodesse
566 1781 662 1846 posse
683 1758 865 1826 videbatur.
910 1760 962 1824 De
984 1761 1125 1825 Antonio
1148 1759 1225 1846 quid
1252 1759 1366 1825 Cicero
1388 1759 1594 1847 judicaverit,
1624 1773 1659 1824 ut
1688 1782 1731 1824 ex
1760 1759 1877 1842 multis,
1981 1827 1988 1846 ,

241 1903 320 1968 quas
342 1880 385 1944 ad
406 1882 525 1946 amicos
548 1877 639 1944 dedit
660 1878 813 1964 epistolis,
836 1880 881 1942 ita
903 1900 945 1942 ex
968 1880 1135 1960 sententia,
1161 1900 1258 1958 quarn
1285 1877 1438 1966 postridie
1466 1881 1534 1966 ejus
1565 1879 1638 1956 diei,
1668 1902 1732 1967 quo
1757 1879 1880 1946 Caesar
1955 1922 1959 1932 ‹

241 1997 426 2064 interfectus
447 2009 527 2080 erat,
551 1996 591 2061 de
613 1997 674 2062 isto
696 1996 827 2061 consule
854 1996 933 2078 tulit,
959 2007 1101 2084 apparet
1145 1996 1349 2082 Receperant
1369 2019 1404 2062 se
1427 1996 1578 2063 Caesaris
1607 1999 1828 2065 interfectores
1859 2022 1877 2064 e
1913 1987 1917 1998 ’

241 2117 311 2182 foro
332 2119 364 2180 in
387 2115 579 2203 capitolium,
601 2136 640 2179 eo
664 2114 874 2179 Cicerocum
903 2115 973 2179 aliis
1002 2114 1168 2201 permultis
1197 2115 1397 2180 ascenderat.
1443 2115 1506 2181 Ubi
1533 2138 1629 2202 quum
1652 2118 1811 2204 conjurati
1834 2118 1875 2182 de

241 2234 370 2300 consilio
393 2233 535 2298 ineundo
556 2234 671 2297 incerti
695 2233 892 2298 dissererent
918 2245 950 2298 et
973 2231 1163 2299 Ciceronem
1186 2232 1228 2297 ad
1243 2232 1418 2298 Antonium
1437 2235 1564 2299 missuri
1580 2245 1696 2316 essent,
1717 2246 1877 2320 rogatum,

240 2354 359 2440 etjam
384 2351 543 2416 libertatis
565 2373 600 2414 :re
623 2350 828 2416 defensorem
849 2351 1035 2418 exhiberet:
1057 2353 1174 2416 iturum
1197 2373 1232 2415 se
1261 2352 1408 2437 negavit,
1435 2352 1611 2417 Antonium
1641 2353 1736 2436 enim,
1767 2353 1872 2440 quoad

239 2483 406 2552 metueret,
429 2471 537 2534 emnia
557 2469 797 2554 promissurum,
824 2468 957 2534 simulac
985 2471 1099 2535 timere
1120 2469 1265 2552 desisset,
1288 2469 1422 2534 similem
1452 2469 1592 2534 futurum
1615 2471 1674 2536 sui.
1719 2469 1784 2535 Alii
1816 2473 1877 2536 viri

239 2588 325 2654 baud
348 2587 551 2676 spernendae
574 2588 774 2652 auctoritatis
796 2586 829 2651 id
852 2589 994 2652 muneris
1016 2587 1079 2651 sibi
1100 2601 1319 2674 susceperunt.
1366 2588 1550 2653 Protraetus
1572 2589 1670 2674 igitur
1692 2601 1742 2654 est
1764 2613 1805 2654 ex
1828 2611 1876 2654 re-

242 2707 418 2794 ceptaculo,
433 2729 497 2792 quo
514 2705 713 2790 confugerat,
728 2707 897 2788 Antonius,
919 2717 954 2770 nt
968 2704 1172 2771 Liberalibus
1194 2707 1214 2772 i.
1237 2727 1264 2772 e.
1288 2705 1341 2770 die
1365 2708 1458 2771 tertio
1480 2717 1555 2792 post
1569 2705 1759 2772 Ciceronem
1782 2711 1879 2774 inter·

241 2824 359 2890 fectum
383 2826 415 2890 in
432 2823 546 2889 aedem
561 2822 699 2888 Telluris
722 2835 867 2888 senatum
889 2835 1030 2888 vocaret.
1064 2823 1114 2888 lbi
1130 2825 1288 2889 sententia
1309 2824 1374 2889 lato
1396 2835 1455 2907 est,
1477 2835 1512 2890 ut
1527 2823 1641 2890 Cicero
1656 2841 1879 2912 proposuerat.

240 2937 403 3010 Revocsto
426 2945 510 3008 enim
527 2943 769 3008 Atheniensium
792 2955 903 3006 vetere
926 2943 1075 3028 exemplo
1098 2955 1132 3008 et
1152 2963 1270 3029 graeco
1293 2944 1390 3008 etiam
1406 2940 1582 3028 ἀμνηστίας
1597 2943 1697 3007 verbo
1713 2958 1877 3030 usurpato,

239 3075 275 3128 ut
302 3065 405 3126 omnis
434 3061 668 3128 discordiarum
698 3061 852 3126 memoria
880 3059 1042 3125 oblivione
1076 3063 1272 3148 sempiterna
1301 3061 1473 3143 deleretur,
1503 3063 1709 3127 constitutum
1742 3073 1800 3144 est,
1832 3079 1876 3146 ut,

240 3179 395 3267 quidquid
425 3179 590 3266 hucusque
621 3181 825 3244 commissum
855 3190 950 3272 esset,
973 3201 1016 3242 ex
1037 3180 1192 3244 memoria
1223 3178 1397 3261 tolleretur,
1427 3201 1633 3265 percussores
1664 3179 1815 3245 Caesaris
1842 3195 1878 3246 ut

240 3311 327 3364 recte
350 3299 465 3362 fecisse
492 3309 690 3384 putarentur,
720 3297 842 3363 Caesar
871 3307 1034 3362 autemut
1062 3299 1174 3362 funere
1206 3298 1383 3378 efferretur,
1417 3306 1611 3361 testamenta
1644 3309 1676 3362 et
1704 3309 1777 3362 aeta
1806 3302 1876 3387 ejus

241 3430 277 3482 ut
296 3431 367 3482 rata
390 3428 507 3501 essent,
531 3417 689 3482 Antonius
712 3415 823 3480 consul
846 3427 881 3481 ut
902 3428 1143 3502 exsequeretur.
1187 3415 1312 3480 Habuit
1333 3413 1378 3479 ibi
1401 3415 1497 3478 etiam
1523 3414 1682 3480 Antonius
1699 3419 1876 3484 orationem

240 3533 281 3600 de
304 3536 476 3600 eoncordia
499 3537 631 3622 ejusque
654 3557 773 3621 parvus
796 3533 879 3598 filius
900 3535 934 3597 in
957 3532 1139 3619 capitolium
1155 3535 1271 3598 missus
1295 3535 1384 3618 pacis
1406 3531 1501 3598 obses
1517 3533 1584 3599 fuit.
1629 3535 1744 3620 ltaque
1765 3549 1875 3623 gratu·

239 3652 374 3718 latienes
397 3655 501 3718 laetae
524 3665 607 3735 sunt,
630 3664 663 3718 et
684 3651 831 3718 Cassium
853 3653 1020 3735 Antonius,
1042 3652 1178 3718 Brutum
1199 3651 1343 3739 Lepidus
1365 3652 1514 3715 convivio
1540 3653 1678 3738 excepit,
1707 3653 1760 3718 alii
1783 3654 1872 3723 alios.

240 3770 377 3838 Postero
402 3773 456 3835 die
478 3772 593 3835 iterum
615 3782 728 3836 senatu
751 3785 927 3836 convocato
949 3773 1134 3858 provinciae
1157 3771 1307 3836 decretae
1337 3780 1411 3834 snnt
1432 3769 1475 3834 M.
1499 3769 1600 3835 Bruto
1623 3769 1731 3854 Creta,
1763 3773 1876 3839 Cassio

239 3889 360 3973 Africa,
382 3890 546 3955 Trebonio
575 3889 663 3972 Asia,
694 3888 826 3956 Cimbro
856 3888 1019 3976 Bithynia,
1050 3889 1129 3953 Dec.
1160 3889 1260 3953 Bruto
1293 3887 1401 3953 Gallia
1431 3889 1571 3954 citerior.
1625 3890 1691 3955 Sed
1720 3903 1874 3978 quantum

235 4009 305 4094 jam
327 4008 523 4095 reipublicae
545 4008 685 4074 libertati
707 4009 888 4073 immineret
908 4006 1093 4094 periculum,
1116 4019 1319 4095 perspectum
1342 4018 1400 4090 est,
1422 4029 1522 4092 quum
1537 4007 1696 4073 Antonius
1712 4011 1877 4096 resignato

240 4125 327 4191 domi
356 4147 434 4192 suae
462 4125 613 4190 Caesaris
643 4136 834 4191 testamento
867 4124 1035 4212 evulgaret
1063 4125 1282 4190 Romanorum
1306 4126 1421 4211 cuique
1444 4136 1593 4190 trecenos
1615 4129 1781 4193 sestertios
1804 4151 1875 4196 esse

240 4242 373 4330 legatos,
396 4263 557 4330 quumque
580 4243 612 4306 in
635 4243 747 4308 funere
771 4265 829 4331 pro
851 4245 965 4308 rostris
981 4241 1156 4307 Caesarem
1178 4243 1313 4308 laudans
1336 4243 1463 4328 plebem
1484 4243 1611 4309 sublato
1626 4265 1734 4330 panno
1749 4246 1879 4314 funebri

240 4375 372 4428 cruento
394 4364 441 4427 ita
462 4361 629 4444 excitaret,
651 4372 686 4425 nt
706 4357 876 4427 oblivionis
899 4358 995 4426 mode
1018 4362 1208 4426 constitutae
1223 4337 1325 4426 oblita
1339 4362 1477 4426 incensis
1492 4360 1617 4427 facibus
1633 4365 1874 4451 conjuratorum

241 4481 353 4546 domos
384 4491 509 4567 peteret
536 4480 739 4564 nominisque
768 4499 878 4544 errore
905 4478 956 4543 vel
978 4479 1136 4544 insontem
1158 4478 1322 4544 laceraret
1366 4477 1441 4544 Jam
1463 4481 1561 4587 igitrp‘
1584 4481 1700 4547 Cicero
1724 4481 1875 4565 babebat,

240 4597 327 4686 qnod
349 4599 382 4662 in
404 4597 541 4684 epistola
562 4594 606 4663 ad
629 4598 770 4662 Atticum
786 4597 869 4663 data
890 4609 1089 4683 quereretur,
1111 4607 1215 4664 setam
1230 4595 1317 4662 illam
1332 4619 1401 4662 rem
1416 4619 1489 4663 esse
1504 4599 1610 4665 animo
1626 4599 1723 4684 virili,
1743 4601 1876 4668 consilio

1670 4738 1683 4774 t
