4356 5300
309 463 350 540 ed
374 461 562 548 Pompejnm
583 459 665 524 clam
695 460 860 546 effugeret.
904 457 970 524 Sed
998 461 1130 524 retinuit
1159 472 1331 546 tempestas
1357 461 1542 547 procellosa,
1572 463 1707 533 fortasse
1737 468 1839 534 etiarn
1859 491 1937 534 non·

309 579 387 646 nihil
408 582 582 646 amicorum
604 578 690 665 apud
712 577 885 645 Caesarem
916 579 1109 654 versantium
1132 599 1254 676 preces,
1282 581 1337 665 qui
1359 603 1474 668 rogare
1504 605 1569 648 non
1592 584 1765 670 desierunt,
1792 589 1934 675 nequid

308 701 440 787 gravirm
453 698 503 764 de
526 699 626 764 salute
650 720 708 764 sua
730 708 763 762 et
784 695 1000 768 incolumitate
1022 698 1210 764 consuleret.
1245 697 1372 766 Allatae
1394 703 1585 778 suntetiem
1602 703 1752 773 Caesaris
1773 707 1936 792 epistolae,

309 819 480 906 inquibus
502 819 544 886 ab
568 839 605 884 eo
628 816 767 905 petebat,
790 827 824 884 ut
844 816 933 902 pacis
955 837 1026 882 sese
1049 815 1178 888 offerret
1201 817 1447 887 conciliatorem.
1489 820 1572 889 Eum
1594 824 1627 888 in
1649 823 1745 892 finem
1768 827 1800 890 in
1825 825 1936 892 urbem

310 941 436 1006 veniret
456 938 564 1024 ibique
594 937 655 1004 sibi
676 935 807 1023 negotia
828 947 1018 1023 praestaret,
1046 957 1129 1022 quae
1155 949 1284 1022 rogatus
1315 939 1412 1004 etism
1437 938 1590 1037 Pompejc
1622 957 1733 1030 posset
1759 959 1933 1032 praestare.

308 1059 353 1125 Αι
376 1081 446 1124 earn
468 1070 576 1124 noster
598 1056 856 1126 exhortationem
878 1055 969 1142 sequi
992 1053 1131 1137 nolebat,
1152 1077 1194 1120 ne
1203 1055 1369 1143 judicasse
1391 1057 1432 1122 de
1455 1059 1619 1146 republica
1636 1061 1832 1152 Caesarique
1849 1065 1931 1136 ultro
1954 1111 1959 1118 -

310 1199 345 1244 se
368 1176 737 1244 tradidissesideretur.

445 1297 481 1362 ln
496 1297 667 1362 Formiano
690 1296 788 1382 igitur
807 1291 941 1380 praedio
958 1292 1072 1360 Cicero
1088 1293 1286 1378 versabatur,
1310 1316 1406 1380 quum
1429 1298 1459 1362 ei
1476 1300 1605 1366 nuntius
1626 1299 1742 1370 allatus
1763 1315 1820 1387 est,
1844 1305 1936 1372 Pom·

229 1429 231 1434 “
313 1419 421 1505 pejnm
436 1415 618 1484 Bnmdusio
639 1416 673 1480 in
689 1413 858 1481 Graeciam
882 1413 1034 1478 mansisse
1049 1413 1226 1502 victorique
1248 1413 1433 1482 adversario
1448 1416 1573 1486 Italiam
1590 1421 1772 1488 universam
1787 1425 1934 1492 cessisse.

314 1535 439 1604 Caesar
460 1537 564 1623 prima
585 1534 661 1602 belli
684 1533 788 1601 civilis
809 1541 900 1620 parte
921 1532 1004 1596 mire
1025 1553 1095 1598 cnm
1124 1531 1275 1600 felicitate
1297 1536 1482 1623 composita,
1498 1539 1567 1624 jam
1588 1537 1722 1606 Romam
1751 1541 1854 1610 rediit.
1898 1546 1936 1612 In

312 1677 351 1722 eo
373 1657 486 1722 itinere
509 1656 603 1726 etiem
626 1653 814 1720 Ciceronem
834 1650 1005 1718 selumtum
1028 1652 1124 1718 venit.
1170 1652 1206 1718 lu
1236 1653 1437 1722 sermonibus
1462 1655 1667 1723 vehementer
1693 1681 1766 1726 eum
1787 1662 1933 1748 urgebat,

312 1787 348 1842 ut
368 1776 488 1842 Rcsnae
511 1776 640 1842 adesset
661 1793 742 1842 nere
765 1771 930 1849 eonsilium
953 1791 1044 1838 suum
1066 1770 1260 1856 reipublicae
1289 1770 1490 1841 detrectaret.
1533 1775 1622 1857 Quas
1650 1801 1761 1867 preces
1793 1794 1836 1850 ut.
1856 1783 1933 1848 effu.

310 1907 412 1982 geret,
436 1895 559 1978 Cicero,
584 1915 648 1984 qna
663 1896 797 1976 ratione,
820 1894 847 1956 si
860 1890 982 1958 Romae
1004 1888 1141 1974 adesset,
1164 1891 1197 1954 iu
1219 1903 1331 1959 senatu
1352 1891 1414 1958 eibi
1429 1893 1589 1980 agendum
1603 1911 1742 1982 putaret,
1764 1902 1930 1987 exposuit3

311 2014 409 2102 quod,
430 2015 456 2080 si
479 2035 592 2102 purqm
608 2014 742 2080 Caesari
761 2023 929 2097 acceptum
952 2020 1046 2086 esset,
1069 2009 1268 2088 concederet,
1291 2024 1325 2076 ut
1347 2033 1477 2097 prorsus
1500 2011 1542 2078 ab
1566 2011 1644 2078 urbe
1660 2014 1789 2083 abesset
1803 2022 1931 2105 Arpini·

314 2158 376 2222 que
398 2135 463 2200 lilio
486 2149 592 2220 togam
616 2133 737 2198 virilem
761 2132 862 2197 daret.
906 2129 1029 2196 Caesar
1050 2150 1242 2215 quamquam
1264 2131 1325 2210 ista
1346 2133 1470 2198 ratione
1499 2131 1540 2198 de
1562 2133 1714 2220 Pompejc
1738 2133 1838 2200 verba
1854 2137 1934 2206 ,fieri

311 2253 452 2337 ,nolebat
474 2267 581 2320 tamen
604 2267 637 2318 ut
659 2263 756 2319 totam
779 2252 884 2318 denuc
905 2271 974 2314 rem
996 2269 1104 2316 secum
1130 2262 1303 2334 reputaret,
1331 2253 1467 2336 rogarit,
1496 2251 1710 2319 subiracunde
1739 2252 1872 2338 addens,
1903 2257 1930 2320 si

314 2374 618 2460 sapientissimorum
639 2371 701 2438 sibi
723 2373 863 2437 virorum
885 2369 1026 2436 consiliis
1056 2372 1102 2436 nti
1124 2391 1187 2434 non
1208 2369 1327 2453 liceret,
1357 2391 1495 2456 usurum,
1524 2395 1658 2458 quornm
1680 2387 1797 2460 posset,
1827 2387 1860 2442 et
1890 2377 1932 2442 ad

312 2495 420 2558 omnia
442 2515 513 2558 esse
535 2493 771 2558 descensurum.
815 2491 876 2556 llis
899 2489 991 2556 dictis
1014 2488 1122 2554 verbis
1144 2509 1164 2554 a
1185 2487 1341 2556 Cicerone
1363 2489 1510 2556 discessit
1530 2491 1636 2578 paullo
1658 2493 1816 2577 acerbior,
1838 2517 1933 2581 quam

311 2611 440 2678 solebat
458 2635 539 2687 esse,
568 2634 671 2698 neque
694 2625 799 2676 tamen
821 2610 1004 2696 renegantis
1027 2609 1166 2676 animum
1187 2609 1326 2695 infregit.
1371 2608 1485 2680 Cicero
1508 2613 1592 2676 enim
1615 2622 1737 2678 tanturn
1760 2614 1873 2680 aberat
1901 2629 1935 2682 ιιι

315 2730 449 2798 Romam
473 2733 606 2815 veniret,
637 2743 692 2814 ut,.
709 2751 805 2817 quum
826 2728 891 2795 fibo
914 2728 1039 2815 Arpini,
1068 2728 1101 2828 id
1127 2727 1213 2816 quod
1242 2729 1454 2817 municipibus
1482 2732 1697 2816 gratissimum
1729 2733 1797 2816 init,
1826 2747 1934 2822 togsm

316 2851 459 2916 dedisset
480 2852 612 2936 virilem,
634 2851 732 2916 multo
754 2853 870 2936 acrius,
892 2869 988 2938 quam
1009 2849 1129 2916 fecerat
1150 2861 1255 2933 entes,
1277 2849 1385 2936 lugam
1406 2862 1544 2943 pararet

443 2965 567 3048 Quibus
589 2967 621 3034 in
644 2963 891 3051 cogitationibus
911 2990 1009 3054 quum
1033 2980 1224 3051 versaretur,
1252 2971 1443 3055 gravissimo
1464 2970 1610 3036 affectus*
1626 2983 1675 3038 est
1696 2971 1816 3056 dolore,
1843 2973 1934 3059 'quud

317 3086 454 3168 Qninnrs
477 3085 560 3152 lilius
581 3083 712 3152 consilio
733 3086 838 3172 putrui
860 3101 1027 3173 perspecto
1049 3086 1148 3156 literis
1170 3087 1211 3152 ad
1228 3085 1402 3156 Caesarem
1423 3089 1508 3156 datis
1521 3091 1668 3176 rogabat,
1689 3113 1730 3156 ne
1746 3089 1933 3156 Ciceronem

316 3209 350 3272 in
370 3209 484 3272 itinere
506 3228 640 3294 pergere
662 3214 833 3294 pateretur.
876 3206 928 3272 Ea
947 3231 999 3274 res
1021 3230 1118 3295 quum
1140 3221 1172 3274 et
1193 3208 1235 3273 M.
1257 3204 1447 3274 Ciceronem
1470 3221 1502 3278 et
1516 3209 1669 3289 Quintum
1691 3221 1813 3296 patrem
1838 3209 1931 3274 rebe

316 3341 441 3396 menter
462 3331 659 3417 pupugisset,
685 3329 814 3414 juvenis
842 3329 992 3414 pietatem
1021 3327 1171 3394 simulans
1200 3327 1243 3392 ιιι
1271 3328 1375 3422 ipsum
1404 3325 1578 3396 Caesarem
1606 3328 1741 3394 Romam
1770 3329 1935 3395 contendit

319 3448 525 3538 pluribusque
540 3461 688 3536 patruum
702 3447 974 3514 criminationibus
989 3459 1173 3534 persecutns
1189 3459 1249 3512 est.
1285 3445 1357 3528 Qua
1378 3446 1513 3534 perfidia
1531 3450 1668 3516 monitus
1683 3448 1798 3516 Cicero
1813 3451 1934 3518 cautius

318 3569 379 3634 sibi
402 3567 562 3656 agendum
583 3567 742 3632 intellexit
760 3579 856 3654 atque
880 3589 956 3632 vere
977 3566 1010 3632 id
1033 3581 1196 3634 assecutus
1220 3579 1277 3652 est,
1301 3581 1334 3634 ut
1357 3567 1406 3634 rel
1428 3567 1630 3636 familiarium
1650 3569 1858 3653 sagacitatem
1880 3565 1935 3632 de

315 3690 447 3777 ciperet.
491 3687 557 3754 Sed
580 3689 612 3752 in
633 3709 750 3753 novam
772 3687 985 3776 suspicionem
1009 3699 1140 3756 vocatus
1162 3700 1218 3770 eet,
1242 3710 1340 3774 quum
1361 3690 1455 3756 trium
1478 3688 1653 3754 cohortium
1668 3687 1934 3774 Pompejanarum

318 3809 414 3896 legati
437 3807 479 3874 ad
501 3829 574 3872 enm
596 3821 753 3874 venerunt
773 3819 933 3894 rogantes,
956 3821 990 3874 ut
1013 3810 1091 3896 ipsis
1113 3830 1263 3895 praeesse
1285 3807 1388 3874 vellet
1433 3807 1522 3888 Quas
1549 3805 1686 3872 tantulae
1708 3807 1816 3894 copias
1837 3829 1934 3894 quum

317 3930 447 3994 omnino
469 3927 548 3993 nihil
570 3927 725 4015 prolicere
746 3949 841 4014 posse
862 3927 1070 4015 intellegeret,
1092 3927 1215 4016 legates
1239 3928 1375 4010 dimisit3
1396 3929 1466 4014 ipse
1481 3927 1602 4014 majore
1617 3947 1689 3992 cum
1703 3925 1863 3994 industria
1875 3929 1936 3996 iter

226 4082 233 4101 ·
318 4070 433 4137 parare
455 4049 606 4137 perrexit,
622 4053 692 4136 jam
713 4047 791 4112 nihil
813 4059 845 4113 et
858 4047 1007 4114 Caesaris
1029 4061 1062 4116 et
1077 4049 1207 4126 Antonii
1222 4047 1372 4134 epistolas
1386 4069 1512 4114 curans.
1547 4045 1706 4112 Antonius
1723 4047 1817 4130 enim,
1839 4069 1933 4134 quern

318 4169 439 4235 Caesar
463 4170 496 4235 in
528 4169 644 4234 bellum
674 4169 887 4255 Hispaniense
913 4167 1082 4236 discedens
1110 4171 1153 4236 ad
1180 4167 1421 4236 custodiendam
1453 4167 1576 4236 ltaliam
1606 4167 1727 4234 Romae
1756 4165 1936 4251 reliquerat,

315 4311 416 4378 qnnm
438 4292 515 4355 satis
536 4301 639 4356 certos
661 4288 705 4354 de
715 4287 880 4354 Ciceronis
901 4285 1032 4352 coneilio
1048 4288 1175 4354 nundus
1197 4290 1383 4376 accepisset,
1405 4287 1544 4376 epistola
1556 4285 1746 4354 Ciceronem
1769 4286 1937 4352 certiorem

317 4410 403 4494 iecit,
425 4408 503 4475 illud
526 4409 586 4475 sibi
609 4431 721 4475 munus
743 4405 922 4474 aCsesare
943 4405 1197 4502 traditumesse,
1219 4429 1370 4494 nequem
1390 4431 1436 4474 ex
1455 4409 1548 4476 ltalia
1569 4407 1612 4474 ad
1628 4407 1813 4494 Pompejum
1834 4419 1938 4471 trans·

321 4530 368 4596 ire
389 4540 560 4618 pateretur.
