4356 5300
1121 305 1125 314 ι

1016 448 1020 454 ›
1032 444 1068 456 sm
1093 444 1214 460 srxoa⁴1x==

298 565 383 632 haud
405 565 609 632 mediocriter
637 567 746 632 movit
790 565 925 651 Magnas
959 565 1044 629 enim
1067 563 1200 630 Caesari
1223 564 1376 651 pecunias
1404 563 1546 629 debebat
1576 580 1609 628 et
1630 565 1753 630 ἄτοπον
1774 565 1929 632 cinisum

301 696 349 751 est
369 682 692 770 ammonendos
713 685 938 772 χρεωφειλέτην
960 685 1052 749 sinas.
1097 683 1246 772 Rogabat
1268 685 1364 771 igitur
1386 683 1514 768 amicos,
1541 696 1577 749 nt
1597 705 1681 772 qnae
1703 686 1773 772 ipse
1796 683 1928 750 Caesari

299 803 433 872 deberet
447 805 505 871 HS
521 806 637 893 viginti
659 815 693 870 et
706 806 871 892 octoginta
892 803 1048 870 solvende
1062 815 1219 886 curarent,
1242 803 1300 868 sed
1316 805 1437 870 frustra
1459 806 1491 868 in
1507 823 1548 870 ea
1561 827 1596 869 re
1611 803 1775 870 laborasse
1789 803 1928 870 videtur.

300 927 352 991 De
374 923 569 1013 reipublicae
593 935 677 990 statu
699 924 777 1010 quid
799 925 868 1011 ipse
884 923 1089 1013 judicaverit,
1113 945 1154 987 ex
1175 921 1275 988 literis
1298 925 1366 1012 ojus
1388 925 1465 988 satis
1485 937 1582 1010 patet
1629 923 1739 989 Nullas
1761 924 1845 990 euim
1867 921 1929 989 boc

299 1057 449 1132 tempore
469 1042 567 1127 dedit,
590 1044 666 1130 quin
688 1045 818 1108 summis
841 1043 1026 1130 Pompejum
1048 1042 1193 1108 laudibes
1217 1056 1354 1118 ornaret,
1377 1042 1454 1108 illud
1477 1067 1572 1108 unum
1595 1065 1822 1132 nonnunquam
1843 1045 1926 1110 vitu·

306 1185 432 1250 perans,
454 1162 542 1250 quod
564 1164 718 1250 maiorem
734 1161 868 1227 Caesari
889 1163 953 1226 vim
976 1163 1195 1228 concessisset.
1233 1161 1423 1228 Cavendum
1444 1175 1551 1228 tamen
1567 1163 1714 1230 omnibus
1730 1163 1834 1233 modis
1856 1184 1927 1229 een·

300 1281 400 1362 rebat,
421 1303 463 1346 ne
484 1283 553 1346 istis
575 1303 617 1346 ex
638 1280 849 1347 simultatibus
871 1281 963 1346 civile
986 1282 1165 1346 exoriretur
1189 1283 1314 1366 bellum,
1337 1305 1400 1370 quo
1417 1282 1592 1348 Caesarem
1613 1281 1707 1348 facile
1728 1283 1926 1369 superiorem

299 1401 368 1465 lore
380 1403 540 1487 cognovit,
553 1399 715 1464 meliorem
727 1421 854 1465 causam
868 1400 1060 1466 defendente
1070 1403 1229 1490 PompeJo.
1252 1403 1326 1484 Qua
1336 1403 1534 1489 potissimum
1540 1401 1734 1490 reipublicae
1743 1401 1927 1466 conditione

301 1519 420 1585 lactum
435 1531 494 1605 est,
510 1530 544 1586 ut
558 1520 749 1586 Ciceronem
762 1521 967 1607 provincialis
982 1522 1077 1586 officii
1092 1521 1245 1606 mederet,
1261 1545 1358 1608 quum
1369 1545 1442 1588 earn
1455 1543 1598 1609 operam,
1611 1539 1710 1606 quam
1720 1522 1753 1586 in
1764 1522 1837 1610 ipsa
1848 1519 1927 1586 urbe

302 1637 498 1725 reipublicae
526 1661 560 1706 se
582 1650 747 1726 praestare
761 1662 857 1727 posse
880 1639 1064 1724 confideret,
1087 1640 1183 1706 multo
1206 1640 1306 1728 pluris
1328 1642 1457 1706 laceret
1496 1641 1569 1707 Huc
1590 1642 1734 1724 accessit,
1757 1640 1843 1728 quod
1865 1639 1927 1728 ipsi

301 1757 383 1823 duae
406 1768 528 1824 tantum
551 1757 693 1845 legiones
716 1769 748 1822 ct
769 1780 826 1822 eae
849 1781 889 1823 ne
911 1761 1055 1845 integrae
1078 1759 1206 1846 quidem
1222 1771 1350 1846 praesto
1373 1772 1473 1843 erant,
1496 1783 1593 1848 quum
1608 1759 1798 1825 Parthorum
1814 1761 1926 1848 copiae

300 1879 461 1942 maximae
484 1900 526 1942 ex
548 1879 681 1943 victoria
703 1877 744 1942 de
767 1877 886 1943 Crasso
909 1875 1010 1943 relata
1024 1878 1245 1965 superbientes
1268 1879 1401 1946 Ciliciae
1423 1881 1630 1944 minarentur.
1675 1877 1867 1944 Laodiceam
1890 1879 1923 1943 in

300 1999 500 2087 provinciam
523 1996 639 2063 Cicero
661 1995 767 2084 pridie
789 1995 952 2062 Calendas
975 1995 1112 2066 Sextiles
1142 2001 1300 2086 pervenit.
1343 1999 1456 2086 Neque
1478 2010 1570 2063 erant
1592 1997 1843 2063 contemnendae
1864 2020 1927 2084 res,

304 2140 383 2205 quas
405 2119 438 2182 in
461 2138 499 2181 ea
519 2119 630 2204 gessit.
667 2115 861 2204 Compositis
884 2118 967 2181 enim
991 2139 1062 2181 eum
1084 2139 1208 2182 summa
1224 2118 1368 2207 justitiae
1391 2129 1423 2183 et
1437 2118 1667 2182 moderationis
1688 2115 1782 2183 laude
1797 2117 1923 2183 urbium

300 2237 428 2302 illarum
451 2235 708 2302 contentionibus
729 2235 936 2323 liberatisque
952 2236 1202 2324 provincialibus
1223 2237 1420 2324 gravissimis
1442 2239 1545 2302 usuris
1568 2237 1712 2324 falsoque
1728 2259 1803 2302 aere
1823 2236 1926 2304 alieno

303 2359 477 2422 exercitum
499 2359 531 2422 in
553 2369 667 2440 castra,
690 2378 773 2444 qnae
796 2378 897 2444 prope
920 2357 1060 2422 leonium
1083 2355 1231 2422 iacienda
1261 2370 1438 2442 curaverat,
1467 2359 1582 2444 coegit.
1628 2357 1677 2422 lbi
1699 2381 1796 2445 quum
1817 2379 1926 2424 versa·

303 2488 399 2560 retur,
423 2476 558 2542 Parthos
579 2479 612 2541 iu
629 2477 755 2564 Syriam
778 2477 930 2564 irrupisse
952 2479 1131 2543 nuntiatum
1153 2490 1211 2543 ost.
1246 2478 1390 2559 Quorum
1412 2479 1565 2564 impetum
1587 2488 1621 2542 ut
1642 2500 1663 2543 a
1677 2479 1844 2564 provincia
1865 2498 1923 2542 sua

304 2609 490 2680 removeret,
513 2596 595 2661 illico
618 2597 726 2661 accitis
750 2595 896 2682 Dejotari
918 2597 1002 2683 regis
1026 2597 1177 2663 militibus
1200 2595 1355 2684 Cybistra
1377 2597 1536 2684 proiectus
1559 2611 1608 2662 est
1630 2597 1748 2684 ibique,
1773 2609 1807 2662 ut
1828 2596 1926 2662 saltus

304 2727 455 2799 tueretur,
477 2731 583 2781 castra
599 2717 779 2781 firmissima
801 2738 920 2802 ponere
936 2719 1061 2803 incepit.
1099 2717 1172 2798 Qua
1193 2719 1224 2781 in
1241 2739 1387 2803 requam
1404 2717 1472 2782 dies
1488 2719 1628 2804 quinque
1644 2728 1815 2805 occupahrs
1831 2728 1925 2799 esset,

304 2837 420 2900 certior
442 2847 491 2900 est
511 2835 623 2920 lactus,
646 2836 780 2901 Parthos
803 2835 844 2900 ab
868 2836 920 2899 illo
942 2835 1029 2901 aditu
1046 2836 1272 2924 Cappadociae
1296 2835 1389 2923 longe
1412 2835 1526 2902 abesse
1550 2835 1681 2902 Ciliciae
1704 2837 1805 2921 magis
1827 2835 1927 2898 immi-

305 2979 391 3021 nere.
428 2957 540 3043 ltaque
562 2957 726 3022 confestim
755 2958 816 3021 iter
837 2957 870 3020 in
893 2955 1038 3021 Ciliciam
1061 2957 1136 3021 fecit
1157 2978 1215 3042 per
1238 2957 1337 3021 Tauri
1353 2955 1455 3043 pylas.
1499 2955 1634 3020 Tarsum
1658 2957 1746 3020 veuit
1767 2979 1795 3021 a.
1819 2957 1849 3022 (1.
1873 2956 1930 3023 111.

306 3075 385 3141 Non.
416 3077 488 3143 Oct.
541 3073 618 3142 Inde
650 3075 691 3140 ad
721 3076 879 3140 Amanum
910 3075 1083 3158 contendit,
1113 3079 1168 3163 qui
1195 3077 1322 3163 Syriam
1358 3097 1378 3140 a
1406 3074 1520 3141 Cilicia
1549 3075 1723 3142 dividebat.
1769 3075 1803 3139 ln
1832 3097 1927 3162 quem

306 3209 448 3261 montem
470 3196 607 3262 hostium
630 3195 853 3260 dominationis
879 3195 1043 3260 Romanae
1065 3195 1280 3282 plenissimum
1309 3219 1330 3260 a
1360 3195 1391 3260 d.
1416 3197 1473 3262 lll.
1499 3195 1543 3260 ld.
1568 3195 1639 3260 Oet.
1670 3197 1823 3283 impeturn
1845 3195 1929 3278 fecit,

306 3329 337 3380 et
358 3337 474 3402 magno
496 3315 634 3381 hostium
656 3338 788 3380 numero
811 3316 915 3379 occiso
934 3313 1065 3379 castella
1085 3325 1306 3380 montanorum
1321 3317 1530 3381 munitissima
1552 3315 1616 3380 alia
1638 3314 1788 3398 incendit,
1810 3313 1874 3378 alia
1894 3315 1928 3378 vi

306 3437 510 3523 expugnarit.
544 3437 616 3517 Quo
638 3435 721 3500 facto
744 3456 764 3499 a
786 3433 938 3499 militibus
960 3433 1138 3521 lmperator
1157 3443 1206 3499 est
1226 3435 1413 3522 appellatus.
1451 3434 1516 3499 Sed
1531 3433 1691 3521 pulchrior
1704 3435 1809 3517 etiam,
1831 3455 1926 3520 quam

305 3579 389 3622 avana
410 3555 492 3622 illius
515 3554 649 3619 nominis
678 3553 822 3640 gloriola,
850 3565 919 3618 crat
940 3554 1071 3636 tinctus,
1098 3554 1153 3639 qui
1183 3577 1225 3619 ex
1247 3575 1286 3619 ea
1307 3556 1441 3620 victoria
1462 3554 1581 3618 relatus
1612 3565 1671 3620 est.
1717 3555 1820 3620 Aucto
1842 3555 1926 3618 enim

303 3677 447 3742 Romano
474 3676 600 3740 nomine
631 3671 761 3753 Osaces,
790 3671 978 3738 Parthorum
1009 3672 1087 3756 dux,
1109 3673 1223 3760 pedem
1246 3673 1353 3739 retulit
1380 3696 1480 3760 eaque
1503 3695 1537 3736 re
1560 3671 1685 3755 Cassio,
1714 3673 1767 3759 qui
1798 3671 1927 3759 Syriam

303 3794 478 3870 obtinebat,
503 3793 771 3880 opportunitatem
801 3793 847 3855 rei
870 3791 953 3856 bene
974 3791 1136 3878 gerendae
1166 3791 1265 3858 dedit.
1308 3793 1381 3874 Qua
1402 3793 1537 3857 victoria
1558 3791 1696 3856 Parthici
1719 3789 1792 3858 belli
1814 3794 1926 3856 timore

303 3915 456 3980 liberatus
479 3913 594 3978 Cicero
609 3911 841 3995 Pindenissum,
865 3911 949 3998 quod
967 3910 1119 3998 oppidum
1136 3913 1377 3978 munitissimum
1392 3910 1691 3977 Eleutherocilicum
1707 3925 1785 3993 erat,
1807 3886 1927 3976 invasit

303 4041 335 4100 et
356 4043 430 4119 post
451 4034 721 4120 oppugnationem
745 4029 958 4118 qnadraginta
980 4043 1101 4116 septem
1124 4031 1246 4096 dierum
1269 4033 1363 4118 oepit.

430 4151 494 4217 Res
514 4175 534 4217 a
556 4175 590 4217 se
612 4167 720 4238 gestas
737 4151 852 4216 Cicero
875 4149 1106 4237 posterioribus
1127 4150 1323 4238 temporibus
1346 4173 1387 4214 ne
1408 4151 1477 4238 ipse
1492 4147 1621 4235 quidem
1644 4151 1690 4213 ita
1710 4151 1819 4234 magni
1840 4147 1925 4232 fecit,

302 4269 379 4338 illud
402 4295 498 4337 anum
522 4271 584 4336 ribi
606 4270 783 4352 vindicans,
805 4269 892 4358 qnod
914 4271 1058 4335 exercitu
1079 4268 1237 4335 imbecillo
1259 4281 1371 4336 couha
1391 4281 1509 4335 metum
1531 4269 1661 4333 maximi
1688 4267 1763 4334 belli
1786 4267 1924 4334 firmissi-

302 4415 388 4456 mum
416 4390 581 4457 habuisset
599 4388 795 4479 praesidium
817 4392 1012 4476 aequitatem
1042 4399 1137 4476 atque
1160 4390 1396 4454 continentiam.
1439 4387 1519 4454 lllud
1544 4391 1628 4454 enim
1654 4409 1695 4452 ne
1719 4388 1837 4452 inimici
1859 4387 1926 4475 qui-

304 4509 376 4576 dem
397 4533 518 4599 negare
540 4511 608 4575 arsi
631 4518 712 4594 sunt,
735 4509 932 4596 provinciam
954 4507 996 4573 ab
1019 4529 1057 4573 eo
1080 4511 1204 4594 integre
1226 4529 1410 4596 summaque
1432 4529 1503 4573 cnm
1526 4507 1621 4574 laude
1638 4529 1710 4572 esse
1726 4507 1924 4574 admisisse

302 4643 377 4698 tam.
421 4629 630 4696 Provincialis
651 4631 738 4695 vitae
760 4649 857 4716 quum
882 4651 953 4694 eum
975 4629 1111 4714 pigeret,
1139 4629 1253 4693 iterum
1275 4639 1371 4714 atque
1392 4628 1507 4693 iterum
1537 4626 1579 4692 ab
1601 4626 1711 4692 amicis
1733 4625 1854 4713 petivit,
1882 4647 1922 4690 ne
