4356 5300
1113 291 1161 367 ιο
1249 371 1254 398 ,

404 393 418 434 „
1036 391 1236 410 mm

327 513 393 581 hili
414 523 593 599 moventur,
615 512 756 580 dicteriis
778 525 940 601 parceret:
967 511 1009 578 ab
1030 513 1120 588 initio
1142 514 1308 580 victoriam
1329 511 1504 600 desperans
1526 513 1661 600 primum
1683 516 1788 602 coepit
1809 515 1943 583 suadere

334 655 456 722 pacem,
491 635 579 722 eujus
611 632 717 700 fuerat
748 649 874 720 semper
907 642 1027 717 auctor,
1059 631 1176 698 deinde
1203 655 1300 719 quum
1328 633 1371 699 ah
1399 631 1439 700 ea
1469 635 1627 700 sententia
1654 635 1822 724 Pompejus
1848 637 1943 704 valde

335 752 533 838 abhorreret,
555 750 692 818 suadere
721 753 865 838 instituit,
893 761 929 818 ιιι
955 749 1073 818 bellum
1101 751 1241 819 duceret
1288 753 1369 818 Eam
1399 753 1588 818 sententiam
1618 765 1651 818 et
1677 755 1746 841 ipse
1773 755 1943 844 Pompejus

335 871 536 960 amplexatus
558 893 628 937 esse
650 870 787 938 videtur.
829 869 912 936 Nam
933 893 1030 958 quum
1052 869 1173 936 Caesar
1192 870 1281 937 finito
1304 871 1510 960 Hispaniensi
1537 871 1619 938 bello
1648 873 1751 960 pridie
1778 874 1860 940 Nou.
1889 875 1943 941 Ja-

333 993 462 1058 nuarias
486 992 530 1076 (a.
552 1014 582 1056 n.
605 991 668 1058 706
690 989 728 1057 0.
750 990 837 1057 Julio
859 989 999 1056 Caesare
1020 989 1073 1074 11,
1095 991 1129 1056 P.
1153 989 1288 1056 Servilio
1310 991 1407 1056 Vatia
1427 991 1524 1073 coss.)
1546 992 1580 1056 in
1599 991 1732 1080 Epirum
1753 995 1943 1082 trajecisset:

339 1112 511 1202 Pompejus
532 1110 660 1197 proelio.
675 1109 841 1176 decertare
861 1108 971 1196 noluit,
991 1107 1050 1175 sed
1072 1107 1288 1177 obsessionem
1310 1121 1343 1176 et
1356 1108 1676 1176 circumvallationem
1691 1109 1945 1200 Dyrrhachinam

336 1251 450 1318 passus
473 1240 531 1297 est.
575 1229 763 1296 Ciceronem
784 1227 845 1294 hoc
865 1240 1008 1317 tempore
1030 1228 1205 1296 sollicitudo
1227 1231 1324 1295 animi
1346 1229 1544 1314 conficiebat,
1567 1252 1609 1296 ex
1622 1253 1687 1318 qua
1706 1233 1802 1298 etiarn
1824 1256 1947 1301 summa

306 1323 315 1350 ι
335 1350 478 1438 corporis
499 1349 666 1416 infirmitas
687 1358 759 1414 orta
779 1360 838 1435 est,
859 1349 905 1414 ita
926 1359 960 1414 nt
974 1349 1159 1438 Pompejum
1175 1349 1255 1415 miro
1276 1349 1423 1416 fortunae
1442 1348 1553 1414 favore
1573 1348 1757 1418 obsessione
1777 1351 1945 1420 liberatum

337 1472 422 1536 etin
444 1467 643 1535 Thessaliam
665 1466 881 1534 discedentem
903 1469 1046 1534 comitari
1066 1489 1130 1534 non
1152 1478 1270 1556 posset,
1293 1467 1349 1533 sed
1370 1467 1554 1534 valetudine
1582 1468 1731 1536 laborans
1753 1470 1945 1557 Dyrrhachii

336 1611 503 1656 remanere
525 1597 703 1676 cogeretur.
747 1586 829 1654 Cum
852 1609 890 1653 eo
911 1596 1038 1674 praeter
1057 1586 1136 1652 ahos
1157 1585 1239 1652 Cato
1261 1598 1339 1671 erat,
1367 1609 1461 1675 quem
1481 1587 1652 1677 Pompejus
1674 1611 1744 1655 eum
1767 1590 1946 1676 quindecim

201 1773 207 1782 ,
342 1707 535 1794 cohortibus,
563 1718 599 1773 ut
618 1705 852 1794 impedimentis
879 1706 1038 1795 praesidio
1067 1717 1160 1791 esset,
1187 1707 1233 1774 ibi
1261 1706 1442 1794 reliquerat
1484 1705 1644 1795 Sperabat
1671 1708 1800 1796 quidem
1822 1708 1946 1794 Cicero,

341 1851 376 1894 se
397 1827 504 1894 levata
518 1829 660 1916 corporis
674 1826 856 1892 infirmitate
871 1848 942 1890 cum
957 1847 1006 1909 eo,
1021 1827 1075 1912 qui
1089 1827 1250 1913 negotium
1265 1838 1401 1914 gereret,
1417 1848 1488 1892 esse
1502 1826 1651 1894 laturum.
1694 1828 1758 1894 Sed
1779 1831 1945 1916 quominus

335 1946 370 2014 id
393 1956 632 2034 exsequeretur,
656 1967 766 2034 pugna
794 1943 977 2012 Pharsalica
999 1947 1068 2033 jam
1096 1943 1202 2010 media
1229 1955 1351 2011 aestate
1382 1947 1450 2034 ejus
1479 1948 1554 2012 anni
1582 1950 1750 2016 commissa
1777 1949 1946 2036 impeditus

336 2078 393 2133 est.
438 2066 491 2132 Ad
513 2088 583 2132 eam
604 2065 776 2132 ineundam
790 2064 971 2152 Pompejus,
993 2065 1048 2151 qui
1070 2073 1149 2130 teste
1170 2063 1318 2152 Appiano
1340 2064 1584 2152 prudentissimo
1607 2067 1739 2132 consilio
1762 2068 1948 2136 decreverat

340 2185 458 2252 bellum
480 2184 664 2273 protrahere
686 2193 719 2250 et
738 2183 862 2250 hostem
883 2183 967 2249 fame
991 2185 1186 2271 exagitatum
1207 2186 1240 2250 in
1261 2183 1356 2249 aliam
1377 2184 1492 2250 famem
1515 2185 1653 2269 trudere,
1682 2187 1799 2252 invitus
1821 2187 1947 2254 fervore

339 2307 513 2372 amicornm
541 2303 775 2370 inconsiderato
803 2313 923 2369 tractus
951 2312 1008 2369 est.
1050 2302 1132 2368 Nam
1154 2313 1223 2368 erat
1243 2304 1328 2370 circa
1349 2325 1420 2370 eum
1440 2327 1574 2392 maguus
1595 2328 1744 2372 numerus
1768 2317 1948 2372 senatorum
2014 2337 2016 2342 ·

336 2425 492 2513 dignitate
513 2427 646 2512 parium,
669 2434 702 2490 et
722 2415 864 2510 eqt'ritum
885 2423 1100 2488 Romanorum
1132 2423 1345 2490 nobilissimus
1374 2426 1516 2512 quisque,
1544 2435 1712 2512 praeterea
1738 2447 1831 2512 reges
1860 2425 1948 2492 multi

337 2555 370 2611 et
390 2545 556 2633 dynastae.
607 2543 651 2608 Hi
681 2564 790 2609 omues
818 2551 884 2608 tum
913 2542 1072 2629 imperitia
1100 2545 1147 2608 rei
1175 2541 1328 2628 militaris,
1357 2554 1423 2608 tuns
1452 2567 1549 2631 snpra
1576 2543 1704 2610 modum
1725 2543 1949 2632 Dyrrhachina

336 2665 470 2730 victoria
504 2663 587 2746 elati,
620 2661 749 2750 quidam
771 2661 854 2746 irati,
875 2683 939 2749 qua
971 2660 1186 2749 praestabant,
1218 2660 1432 2746 multitudine,
1460 2662 1600 2728 nonnulli
1632 2665 1726 2728 etiam
1759 2663 1841 2728 bello
1874 2665 1949 2729 fessi

335 2785 557 2870 imperatorem
579 2780 756 2848 incitabant
770 2792 864 2869 atque
880 2803 921 2846 ne
936 2779 1188 2847 cavillationibus
1204 2781 1331 2868 quidem
1348 2782 1561 2869 dicteriisque,
1582 2793 1616 2847 nt
1639 2803 1711 2847 eum
1725 2783 1947 2869 propellerent,

336 2912 555 2990 pepercerunt.
599 2902 650 2968 lta
671 2901 851 2989 Pompejus,
874 2912 906 2966 et
928 2923 949 2964 a
970 2921 1030 2966 suo
1045 2901 1208 2988 proposito
1224 2911 1257 2966 et
1271 2923 1291 2966 a
1305 2900 1435 2966 consilio
1451 2899 1616 2966 Ciceronis
1632 2899 1779 2985 dimotus,
1795 2901 1949 2990 proelium

337 3021 553 3088 Pharsalicum
576 3019 739 3104 commisit,
762 3021 852 3108 cujus
874 3040 969 3106 quam
991 3018 1096 3084 latalis
1118 3017 1214 3086 fuerit
1234 3020 1348 3104 exitus,
1370 3042 1463 3086 nemo
1485 3033 1543 3105 est,
1565 3021 1619 3106 qni
1641 3021 1777 3107 ignoret.

462 3140 636 3205 Victoriam
659 3137 808 3204 Caesaris
830 3137 945 3205 Cicero
967 3136 1027 3203 sibi
1049 3137 1124 3202 belli
1144 3137 1240 3202 finem
1261 3138 1346 3220 fecit,
1367 3161 1557 3229 persuasum
1572 3141 1657 3204 enim
1680 3138 1829 3222 habebat,
1850 3163 1947 3227 quum

342 3259 460 3346 integri
487 3281 581 3347 pares
611 3281 675 3325 non
704 3259 846 3342 fuissent,
874 3257 992 3323 fractos
1022 3259 1213 3344 sopioriores
1242 3279 1307 3324 non
1333 3258 1467 3324 futuros.
1509 3259 1621 3345 ltaque
1649 3280 1746 3345 quum
1775 3257 1866 3343 Cato,
1894 3261 1948 3346 qni

338 3381 448 3467 copias
469 3401 601 3466 magnas
623 3378 820 3465 classemque
842 3399 990 3464 magnam
1012 3375 1204 3464 Dyrrhachii
1226 3375 1376 3462 hahebat,
1394 3377 1434 3442 ad
1458 3399 1540 3460 enm,
1561 3387 1597 3442 nt
1617 3379 1670 3463 qui
1693 3377 1846 3464 dignitate
1876 3401 1946 3444 con-

338 3497 435 3564 sulari
456 3497 668 3580 antecederet,
682 3499 848 3585 imperium
871 3497 1024 3580 delerret;
1046 3496 1217 3580 recusavit,
1231 3497 1333 3561 minas
1349 3496 1493 3585 Pompeji
1506 3495 1561 3562 lilii
1576 3507 1774 3583 aspernatus,
1794 3498 1946 3563 militiam-

342 3639 405 3704 que
426 3615 662 3704 subterfugiens
682 3619 811 3684 ineunte
834 3628 1001 3683 auctumno
1024 3617 1057 3681 in
1074 3616 1195 3682 ltaliam
1211 3617 1344 3699 transiit,
1359 3626 1394 3682 ut
1414 3616 1585 3683 Brundusii
1607 3616 1756 3684 Caesaris
1777 3617 1947 3684 adventum

341 3747 553 3824 exspectaret.

337 3913 374 3987 4.
400 3915 457 3984 lle
484 3911 667 3984 cicerone
696 3913 767 3984 sub
795 3911 969 3984 (laesuris
996 3913 1193 3984 dominatu
1219 3911 1484 3983 inliteratum
1517 3911 1656 3983 studiis
1683 3911 1947 3985 delitescente.

611 4056 677 4112 Inde
694 4057 728 4112 ab
745 4059 851 4114 ineunte
867 4059 1009 4112 anctumno
1026 4074 1049 4113 a
1066 4075 1091 4114 u.
1109 4058 1158 4112 706
1175 4056 1308 4127 usquead
1325 4055 1390 4110 Idus
1406 4055 1517 4110 Mmtias
1534 4071 1557 4110 a
1576 4073 1601 4111 u.
1619 4055 1675 4111 710.

463 4212 641 4280 Brundusii
656 4211 770 4279 (litero
786 4212 913 4298 diutius,
929 4235 1023 4301 quam
1040 4222 1292 4300 exspectaverat,
1306 4213 1494 4279 commorari
1508 4213 1690 4301 cogebatur.
1731 4212 1850 4282 Caesar
1865 4210 1948 4292 enim

338 4333 523 4421 Pompejum
544 4333 578 4397 in
599 4331 781 4419 Aegyptum
809 4332 983 4419 fugientem
1012 4341 1138 4398 secutus
1159 4329 1369 4398 Alexandrini
1399 4342 1431 4397 et
1460 4331 1646 4400 Phamaeici
1675 4329 1749 4396 belli
1774 4351 1864 4394 mora
1900 4341 1949 4396 est

340 4462 493 4544 retentus.
534 4449 604 4518 Nec
623 4438 755 4516 multum
776 4449 888 4536 abluit,
909 4453 986 4541 quin
1007 4462 1144 4518 exeunte
1167 4471 1250 4516 anno
1280 4471 1322 4516 ex
1350 4450 1474 4538 refugio
1504 4473 1561 4517 suo
1584 4449 1699 4516 Cicero
1728 4448 1946 4538 depelleretur.

340 4573 429 4640 Misit
449 4573 533 4638 enim
554 4571 597 4638 ad
619 4593 692 4639 eum
713 4570 871 4638 Antonius
892 4570 1070 4660 exemplum
1093 4570 1242 4637 Caesaris
1270 4570 1314 4638 ad
1343 4593 1377 4636 se
1406 4570 1577 4653 literarum,
1607 4571 1639 4634 in
1669 4568 1796 4656 quibus,
1824 4593 1865 4636 ue
1894 4569 1948 4657 qui
