4356 5300
739 1207 1148 1354 Ciceronis
1192 1207 1389 1377 vita,

446 1453 646 1564 tnter
679 1456 948 1564 turbas
984 1453 1449 1564 bellicionis
1485 1457 1677 1562 acta.

1077 1698 1085 1702 .,
1099 1695 1161 1706 ...,,...

253 1809 321 1924 Ex
344 1850 491 1920 omnibus
513 1850 609 1920 rebus
631 1851 741 1938 gestis,
763 1871 845 1936 quae
861 1859 1006 1923 veterum
1029 1859 1205 1936 temporum
1221 1851 1375 1923 memoria
1395 1849 1489 1919 nobis
1512 1859 1586 1918 sunt
1600 1849 1746 1934 undae,
1768 1851 1880 1919 nescio

253 1993 296 2035 an
316 1969 406 2035 nulla
427 1970 478 2054 sit,
501 1991 583 2056 quae
598 1970 786 2056 scriptorum
808 1980 918 2034 nostra
932 1979 1037 2034 aetate
1052 1967 1232 2034 florentium
1246 1967 1553 2054 industriammagis
1569 1969 1759 2052 exercuerit,
1780 1990 1878 2056 qnam

254 2087 550 2178 praeceps.liberac
572 2087 767 2176 reipublicae
791 2085 960 2153 Romanae
985 2088 1142 2153 interitus.
1185 2087 1253 2152 Nec
1282 2089 1393 2152 merito
1416 2087 1449 2152 id
1471 2088 1517 2152 ita
1537 2087 1655 2153 sactum
1678 2059 1879 2174 negabimus.

253 2207 314 2275 Est
336 2211 420 2273 enirn
442 2220 474 2274 et
495 2211 567 2296 ipsa
588 2231 640 2273 res
664 2207 919 2274 consideratione
946 2221 982 2273 ut
1002 2209 1141 2274 maxime
1165 2207 1272 2295 digna,
1303 2219 1335 2272 et
1356 2207 1462 2292 habet,
1494 2229 1576 2295 quae
1599 2217 1777 2273 nostrorum
1801 2218 1879 2273 tem-

252 2351 366 2416 porum
387 2339 523 2394 naturae
552 2339 617 2394 tam
640 2329 703 2393 sint
724 2329 904 2414 propinqua
934 2343 964 2392 et
995 2339 1140 2416 cognata,
1170 2339 1213 2412 ut,
1243 2329 1270 2392 si
1295 2329 1424 2392 nomina
1452 2328 1606 2404 omiseris,
1637 2326 1677 2391 de
1702 2319 1879 2393 recentium

254 2450 415 2514 civitatum
439 2449 513 2514 fatis
536 2448 650 2513 disseri
672 2447 767 2512 liccat
780 2448 946 2534 suspicari.
991 2447 1139 2514 Occurrit
1153 2447 1267 2512 eadem
1289 2447 1405 2534 agendi
1427 2457 1459 2534 et
1474 2446 1634 2533 cogitandi
1657 2447 1748 2530 ratio,
1771 2469 1880 2512 occur·

254 2579 328 2634 runt
363 2566 476 2632 eadem
513 2543 619 2632 studia
647 2565 842 2654 caedemque
879 2567 1078 2653 cupiditates,
1116 2575 1286 2632 occurrunt
1315 2563 1446 2631 eaedem
1478 2565 1651 2630 occidentis
1682 2564 1879 2653 reipublicae

255 2672 418 2752 Romanae
442 2709 568 2771 causac,
592 2685 708 2773 quibus
724 2697 756 2750 et
770 2687 887 2752 nostris
903 2686 1099 2773 temporibus
1115 2687 1261 2752 civitates
1276 2687 1457 2750 imminutas
1474 2684 1630 2751 videmus.
1664 2683 1751 2766 Quid
1770 2684 1880 2749 enim?

254 2807 357 2874 Roma
366 2807 469 2874 libera
479 2829 550 2872 esse
563 2803 665 2890 desiit,
684 2825 782 2890 quunr
796 2805 940 2872 iiber-tate
954 2801 1051 2892 digna
1063 2827 1133 2870 esse
1146 2804 1299 2888 desisset;
1313 2805 1360 2869 sui
1367 2805 1450 2892 juris
1463 2827 1534 2868 esse
1546 2804 1676 2886 destitit,
1689 2803 1882 2890 quiafactio·

255 2926 350 2993 nibus
361 2925 432 3013 plus
438 2927 533 3014 juris,
550 2948 645 3013 quam
658 2923 807 3010 debebat,
825 2936 1042 3011 concesserat3
1062 2928 1154 2992 unius
1173 2926 1234 2989 viri
1246 2945 1400 3012 perpessa
1419 2934 1468 2987 est
1488 2922 1693 3004 dominatum,
1710 2931 1880 3010 postquam

255 3044 363 3133 legum
373 3047 457 3112 vires
470 3056 502 3110 et
512 3047 735 3112 auctoritatem
744 3045 877 3132 infringi
893 3067 989 3132 passa
1001 3057 1059 3112 est.
1082 3045 1268 3112 Nostrorum
1289 3055 1468 3130 temporum
1481 3041 1707 3108 certaminibus
1725 3044 1880 3108 interesse

255 3165 349 3231 nobis
358 3163 513 3248 videmur,
522 3163 577 3230 ubi
586 3165 701 3250 varias,
711 3187 792 3252 quae
802 3164 843 3229 de
854 3164 1051 3252 principibus
1063 3164 1145 3231 illius
1157 3165 1307 3252 temporis
1318 3163 1395 3228 viris
1403 3161 1598 3246 ferebantur,
1611 3163 1785 3226 sententias
1796 3163 1881 3227 inter

258 3305 292 3348 se
313 3305 543 3372 comparamus.
587 3283 669 3350 Illud
691 3283 826 3350 tortasse
848 3284 981 3368 mireris,
1004 3284 1081 3372 quid
1103 3285 1152 3366 sit,
1175 3255 1271 3371 quod,
1293 3306 1390 3370 quum
1412 3283 1661 3369 praestantiores
1683 3283 1880 3369 antiquitatis

258 3404 427 3492 scriptores
449 3403 517 3471 fere
539 3426 582 3468 ex
596 3404 740 3492 Pompeji
755 3376 900 3491 partibus
916 3406 1070 3488 steterint,
1091 3406 1286 3470 recentiores
1301 3413 1423 3468 tantum
1444 3424 1509 3467 non
1524 3423 1634 3467 omnes
1650 3424 1722 3466 cum
1739 3401 1881 3467 Caesare

257 3521 386 3588 faciant
429 3521 576 3588 Proiecto
606 3545 671 3588 non
693 3522 827 3590 multrun
849 3522 950 3608 abest,
980 3529 1058 3610 quin
1080 3525 1267 3610 Drumanni,
1289 3522 1466 3605 Momsenii,
1497 3519 1655 3586 Ludovici
1679 3520 1882 3608 Napoleones
1921 3555 1923 3562 v

258 3643 321 3708 viri
351 3644 481 3712 victoris
503 3643 667 3730 ingenium
696 3642 739 3707 ad
762 3643 961 3708 divinitatem
983 3645 1104 3710 tollant.
1147 3644 1238 3726 Quae
1269 3645 1329 3708 viri
1358 3643 1445 3708 haud
1474 3641 1579 3744 dubie¹
1599 3643 1707 3730 magni
1729 3641 1884 3728 adoratio,

257 3784 330 3828 cum
342 3763 431 3849 genii
445 3760 531 3828 cultu
553 3784 648 3850 quem
663 3772 820 3827 nostrates
836 3761 946 3832 dicunt
967 3769 1145 3854 conjuncta,
1161 3787 1352 3853 quamquam
1374 3762 1481 3846 habet,
1502 3783 1566 3848 quo
1581 3763 1722 3826 animum
1738 3773 1882 3830 nostrum

261 3879 411 3963 offendat,
433 3879 563 3946 tolerari
584 3889 692 3946 tamen
713 3891 836 3970 potest,
860 3879 955 3944 modo
977 3901 1019 3944 ue
1041 3877 1181 3968 superba
1204 3880 1577 3970 quaedam'contemptio
1600 3883 1739 3948 onmium
1763 3902 1884 3966 eorum,

259 4001 313 4086 qui
344 4021 387 4092 ex
417 3997 519 4065 altera
547 4010 639 4088 parte
666 4010 829 4084 steterant,
858 3997 995 4065 admista
1024 3997 1073 4065 sit.
1115 3999 1190 4066 Jarn
1218 4021 1295 4064 vero
1326 3999 1429 4066 eidem
1452 3999 1496 4065 illi
1518 4002 1689 4093 scriptores
1712 4021 1885 4087 eorumque

260 4129 444 4204 sectatores,
476 4131 510 4186 ut
539 4121 633 4184 istum
662 4142 752 4186 suum
782 4120 910 4185 heroem
941 4116 1114 4206 majoribus
1141 4117 1289 4184 laudibus
1319 4120 1432 4184 efferre
1462 4122 1595 4208 possint,
1628 4142 1693 4185 non
1722 4115 1823 4185 solum
1852 4121 1886 4186 in

260 4239 457 4328 Pompejum‚
479 4260 591 4306 verum
614 4243 709 4328 etiarn
732 4241 764 4305 in
786 4239 875 4324 aiios,
898 4239 1063 4326 quintin
1086 4239 1147 4304 ista
1168 4235 1336 4328 tragoedia
1357 4240 1515 4304 secundas
1539 4248 1646 4326 partes
1669 4250 1813 4326 egerunt,
1841 4239 1887 4304 ita

262 4358 303 4426 de
324 4357 490 4447 republica
511 4357 617 4426 multis
639 4358 743 4424 modis
771 4358 853 4425 bene
875 4371 1066 4443 meruerant,
1095 4357 1391 4427 vehementissimos
1414 4358 1629 4425 exacerbatae
1657 4359 1725 4423 irae
1748 4357 1886 4448 impetus

262 4477 437 4547 effundunt.
481 4478 570 4563 ¹Inter
599 4499 663 4562 eos,
693 4477 808 4565 quibus
834 4479 902 4544 suis
931 4476 1053 4543 artibus
1081 4475 1223 4544 lauream
1252 4489 1299 4544 tot
1327 4479 1525 4544 saeculorum
1552 4499 1710 4544 consensu
1734 4477 1887 4545 tribunam

227 4655 230 4660 ,
263 4597 386 4686 eripere
416 4599 524 4664 conati
545 4608 628 4680 sunt,
657 4598 832 4686 prinoipem
861 4598 929 4663 fere
952 4597 1055 4664 locum
1086 4596 1200 4663 Cicero
1229 4597 1362 4684 obtinet,
1391 4601 1423 4663 in
1453 4621 1546 4686 quem
1574 4619 1684 4664 omnes
1713 4597 1890 4664 verborum
