4356 5300
937 296 1136 418 ssim

360 521 463 588 Movit
484 523 670 588 Ciceronem
690 519 725 588 in
745 521 855 609 primis
876 520 1013 588 officium
1037 518 1122 608 grati
1143 519 1240 600 animi
1269 520 1302 584 in
1323 519 1508 608 Pompejuur
1536 519 1721 609 praestandi
1727 542 1737 605 3
1765 541 1841 588 uam

229 666 331 734 quum
359 641 414 708 bio
444 640 615 729 aliquando
649 639 743 708 saluti
772 659 837 706 non
870 639 1024 706 defuisset
1053 661 1139 722 suae,
1171 659 1276 726 neque
1308 639 1377 727 ipse
1410 639 1554 728 Pompeji
1586 639 1698 706 deuse
1730 639 1839 708 voluit.

223 766 341 855 ltaque
363 761 419 830 ubi
439 763 535 851 iuges
556 760 739 830 iwnltatem
759 759 939 848 bonamque
959 781 1074 828 navem
1096 757 1157 824 sibi
1184 767 1295 824 uectus
1324 779 1395 824 osse
1424 759 1512 825 visus
1540 769 1601 844 est,
1634 780 1673 825 ea
1702 760 1749 826 uti
1775 781 1840 826 non
1976 795 1983 818 .

224 883 395 952 dubitavit
438 882 564 948 Navem
578 878 764 948 conscendit
783 880 841 950 111.
862 878 940 946 Idus
953 879 976 947 J
977 880 1076 963 unias,
1085 880 1156 968 jam
1171 897 1235 944 non
1248 887 1285 942 ut
1297 876 1437 962 Meliten,
1459 887 1496 944 ut
1510 887 1607 946 antea
1620 889 1839 967 proposuerat,

225 1003 286 1073 sed
307 1003 453 1094 Pompeii
474 1009 510 1067 ut
532 1011 638 1068 castra
659 1009 791 1092 poteret

551 1125 587 1198 8.
612 1126 669 1195 De
695 1123 878 1198 uicenos
902 1121 945 1194 in
970 1122 1108 1194 caruis
1133 1120 1307 1216 Pompeji
1333 1125 1524 1194 versante.

464 1253 530 1310 Inde
546 1269 564 1309 a
578 1267 666 1309 meum
681 1251 775 1308 Sonti
790 1251 851 1308 anui
866 1267 893 1306 n.
910 1251 959 1306 ‘105
975 1265 1059 1322 usque
1075 1250 1110 1306 ad
1124 1251 1259 1306 insonum
1273 1251 1444 1306 auotonnuru
1459 1251 1522 1306 anni
1538 1249 1595 1306 tub.

350 1359 565 1446 Navigatione
580 1357 694 1422 Cicero
708 1377 863 1446 prospera
883 1377 958 1422 usus
980 1365 1039 1438 est,
1058 1353 1143 1422 nullo
1166 1355 1249 1423 euim
1263 1354 1400 1422 adverso
1422 1376 1500 1422 casu
1519 1357 1554 1422 in
1568 1355 1712 1445 Pompeji
1727 1365 1832 1422 castre

225 1481 380 1568 pervenit
424 1477 593 1544 Adventus
622 1478 701 1565 ejus,
730 1486 766 1542 ut
786 1475 896 1541 scribit
921 1474 1116 1558 Plutarchus,
1143 1475 1187 1541 ad
1216 1496 1321 1562 quern,
1352 1496 1449 1562 quum
1476 1475 1687 1563 paucissimae
1712 1485 1835 1542 tantum

227 1597 389 1668 Ciceronis
411 1622 454 1668 ex
469 1607 534 1664 toto
557 1595 618 1662 boc
632 1607 774 1683 tompore
796 1593 947 1683 epistolae
970 1605 1105 1679 exstent,
1127 1593 1220 1660 uobis
1234 1593 1481 1681 confugiendum
1495 1604 1552 1680 ost,
1574 1596 1689 1662 ceteris
1704 1594 1833 1682 quidem

223 1731 332 1808 gratus
360 1719 437 1805 iuit3
468 1716 549 1784 Cato
579 1725 684 1782 autern
713 1713 799 1782 illurn
828 1715 1027 1801 conspicatus
1055 1715 1204 1801 privatim
1233 1711 1338 1780 multis
1366 1713 1475 1780 verbis
1503 1713 1718 1802 reprehendit,
1748 1716 1834 1804 quod

221 1839 407 1927 PompeJum
438 1846 563 1902 secutus
591 1844 684 1904 esset
735 1833 802 1921 Ipsi
829 1836 913 1900 enirn
934 1856 1000 1900 uon
1020 1833 1103 1900 bene
1130 1832 1312 1900 habiturum
1340 1832 1448 1918 fuisse,
1473 1835 1510 1917 si,
1540 1855 1619 1920 quas
1641 1833 1851 1923 reipubiicae

222 1967 331 2045 partes
354 1956 395 2023 ab
416 1956 505 2022 initio
526 1954 724 2043 amplexatus
747 1966 841 2038 esset,
863 1952 1063 2035 deseruisset,
1084 1951 1171 2019 illum
1191 1973 1280 2038 vero,
1307 1954 1361 2040 qui
1390 1953 1494 2042 magis
1524 1953 1677 2041 prodesse
1708 1957 1831 2043 patries

223 2085 256 2144 et
276 2076 384 2140 amicis
404 2074 567 2162 potuisset,
590 2074 672 2138 siin
695 2071 788 2140 Itulia
807 2095 895 2138 reses
920 2071 1095 2160 aequaliter
1123 2094 1158 2138 se
1180 2070 1222 2138 ad
1244 2083 1393 2139 eventum
1415 2084 1641 2160 comparasset,
1670 2073 1756 2140 nulla
1783 2095 1832 2141 ra·

221 2195 307 2260 tione
328 2204 361 2260 et
381 2193 503 2281 absque
523 2193 712 2258 necessitate
733 2189 856 2258 hostem
878 2189 1012 2258 (laesuri
1033 2191 1149 2259 factum
1175 2213 1246 2257 esse
1278 2202 1311 2258 et
1329 2193 1364 2258 in
1385 2193 1465 2258 tanti
1493 2193 1625 2284 periculi
1647 2197 1831 2262 societatem

219 2335 258 2380 eo
280 2315 416 2380 venisse.
460 2313 552 2378 Haeo
571 2310 673 2378 uerba
695 2309 858 2379 Ciceronis
880 2312 1020 2379 animum
1041 2309 1207 2391 flexerunt,
1222 2313 1413 2397 praesertim
1430 2335 1526 2399 quum
1544 2315 1612 2403 ejus
1634 2336 1734 2403 opera
1744 2315 1831 2382 nulla

218 2434 253 2500 in
266 2453 302 2498 re
316 2453 432 2520 megae
453 2432 624 2520 Pompojuu
637 2439 788 2514 uteretur,
811 2440 846 2496 ut
859 2431 914 2518 qui
929 2428 1051 2496 consilii
1073 2431 1156 2520 capti
1172 2453 1207 2496 so
1221 2431 1385 2518 poenitere
1399 2454 1466 2499 non
1480 2443 1640 2520 negasset.
1685 2435 1829 2524 Hujueoe

214 2551 328 2641 judicii
355 2553 458 2639 ipsum
488 2550 675 2618 Ciceronem
703 2547 857 2616 habemus
884 2555 1006 2614 testem.
1058 2545 1177 2615 Scribit
1204 2550 1288 2614 enirn
1319 2551 1352 2616 in
1383 2550 1517 2640 epistola
1547 2552 1591 2618 ad
1618 2553 1662 2619 Μ.
1689 2554 1829 2621 Marium

220 2669 310 2738 dab:
343 2670 483 2754 ‚,Pudori
513 2669 609 2736 metui
640 2669 807 2756 &maeque
839 2667 963 2750 cedere,
994 2687 1090 2753 quam
1122 2665 1232 2732 salutis
1264 2689 1354 2734 mese
1385 2670 1541 2736 rationem
1574 2670 1700 2740 ducere.
1730 2672 1830 2762 Cujus

217 2811 268 2856 me
289 2789 366 2856 iacti
378 2790 543 2878 poenituit,
563 2811 629 2856 non
646 2799 711 2856 tam
726 2797 855 2875 propter
868 2785 1043 2874 periculum
1057 2807 1170 2871 meum,
1192 2808 1287 2874 quam
1300 2798 1432 2876 propter
1452 2791 1531 2856 vitia
1550 2790 1657 2876 multa,
1679 2815 1761 2880 quae
1783 2793 1829 2860 ibi

217 2908 345 2992 offendi,
367 2931 429 2996 quo
452 2929 612 2974 veneram.
655 2908 796 3010 Primurn
815 2927 920 2994 neque
946 2927 1078 2993 maguae
1107 2907 1225 2995 copias,
1251 2929 1355 2996 neque
1384 2907 1560 2994 bellicosas,
1590 2910 1707 2978 deindo
1735 2923 1829 2982 extra

216 3028 330 3096 ducem
351 3049 532 3116 paucosque
546 3037 714 3114 praeterea
727 3025 782 3113 (de
796 3024 992 3114 principibus
1013 3023 1138 3113 loquor)
1161 3025 1274 3114 reliqui
1288 3028 1424 3115 primum
1438 3029 1472 3092 in
1486 3029 1556 3116 ipso
1577 3028 1660 3096 bollo
1682 3053 1825 3120 rapaces,

217 3149 333 3216 deinde
354 3151 387 3214 iu
409 3149 551 3216 oratione
577 3148 623 3214 ita
651 3143 805 3229 crudeles,
835 3154 871 3210 ut
896 3145 999 3231 ipsam
1027 3146 1192 3212 victoriam
1220 3145 1402 3232 horrorem,
1431 3149 1603 3214 maximum
1633 3160 1739 3216 autem
1769 3174 1844 3218 uss.

218 3267 352 3336 alienum
381 3267 643 3355 amplissimorum
672 3265 820 3330 urorum.
864 3263 951 3346 Quid
979 3266 1129 3352 quaeris?
1158 3264 1245 3331 Nihil
1272 3264 1348 3332 boni
1376 3275 1503 3354 praeter
1532 3267 1691 3334 causom.“
1740 3270 1825 3339 Huic

217 3386 257 3454 de
278 3389 355 3457 viris
376 3388 576 3476 Pompejanis
590 3383 712 3473 judicio
729 3382 897 3472 jungenda
924 3393 1006 3467 sunt,
1035 3405 1116 3471 quse
1139 3383 1252 3451 Cicero
1281 3383 1323 3451 ad
1345 3387 1486 3452 Atticum
1507 3385 1637 3455 scribit:
1657 3387 1731 3473 „Me
1761 3389 1824 3458 dis·

215 3509 348 3575 cessisse
375 3506 418 3573 ab
448 3507 544 3572 nmis
569 3525 731 3591 nunquam
759 3503 922 3591 poenituit.
944 3502 1050 3570 Tanta
1064 3505 1178 3569 eratin
1192 3503 1253 3570 illis
1268 3504 1450 3589 crudelitas,
1472 3515 1562 3572 tauta
1583 3529 1654 3572 cum
1677 3507 1824 3576 barbaris

214 3626 364 3714 gentibus
386 3625 575 3714 conjunctio,
601 3633 637 3690 ut
656 3646 721 3689 nou
743 3623 939 3707 nominatim,
964 3622 1021 3688 sed
1041 3625 1218 3710 generatim
1244 3625 1433 3713 proscriptio
1463 3636 1547 3692 esset
1574 3626 1759 3714 informata,
1789 3639 1825 3698 ut

209 3747 277 3834 jam
288 3747 426 3812 omnium
433 3743 557 3833 judicio
572 3743 776 3808 constitutum
786 3752 879 3828 esset,
894 3743 1033 3808 omnium
1044 3753 1183 3809 vestrum
1198 3743 1283 3809 bona
1293 3744 1446 3834 praedam
1458 3767 1528 3811 esse
1542 3745 1625 3814 illius
1639 3748 1823 3814 victoriae.“

248 3888 256 3904 ·
340 3865 378 3929 In
399 3865 513 3929 castris
529 3861 672 3951 Pompeji
688 3859 800 3926 Cicero
822 3859 920 3926 filium
942 3863 1070 3949 reperit,
1091 3863 1145 3949 qui
1159 3885 1256 3950 quum
1269 3863 1404 3929 Athenis
1418 3863 1517 3930 literis
1532 3887 1662 3954 operam
1676 3879 1820 3955 navaret,

213 3993 326 4072 sponte
354 4004 412 4047 sua
433 3983 584 4071 Pompejo
605 4003 676 4047 sese
697 3981 889 4070 adjunxerat
910 3979 1169 4064 ethonorificum
1190 3981 1277 4069 apud
1299 4005 1370 4048 eum
1391 3981 1504 4069 iocum,
1531 4006 1595 4071 quo
1616 3985 1670 4052 illo
1692 3986 1821 4074 quidem

212 4113 354 4190 tompore
375 4122 440 4166 non
461 4099 625 4186 indiguum
646 4098 773 4166 videtur
793 4122 863 4166 sese
885 4098 1080 4187 praebuisse,
1111 4099 1284 4168 obtinebat.
1325 4101 1369 4166 At
1395 4115 1488 4189 pater
1516 4101 1655 4169 officium
1684 4107 1820 4174 militare

197 4220 301 4288 *adire
329 4218 430 4287 uoluit
456 4227 489 4284 ot
515 4239 556 4284 ue
584 4219 617 4284 in
646 4223 757 4286 caenis
785 4219 914 4308 quidem
943 4230 1068 4306 togatus
1094 4220 1178 4287 iuter
1205 4229 1343 4288 armatos
1372 4243 1443 4288 esse
1471 4220 1575 4306 desiit,
1604 4221 1682 4290 iilud
1715 4249 1812 4294 unum

211 4341 407 4429 propositum
428 4335 561 4421 hebens,
587 4349 622 4406 ut
642 4341 776 4406 amicum
798 4339 928 4406 consilio
956 4339 1132 4428 adjuvaret.
1181 4340 1256 4408 Jam
1285 4362 1361 4406 vero
1391 4364 1487 4428 quum
1515 4343 1549 4407 in
1579 4344 1702 4426 οιιιιιὶι,
1731 4347 1819 4433 quod

211 4459 371 4549 probaret,
393 4457 472 4526 nibil
485 4458 552 4524 iere
566 4459 748 4543 invenisset,
763 4479 859 4545 quum
879 4458 954 4524 belii
968 4469 1138 4548 apparebis
1152 4461 1184 4525 ei
1197 4471 1262 4526 tam
1276 4483 1416 4546 mancus,
1436 4461 1637 4528 consiliorum
1653 4475 1817 4552 captorum

210 4582 291 4650 rotio
313 4602 355 4646 ex
377 4578 522 4648 omuibus
543 4577 687 4666 partibus
709 4587 773 4646 tam
795 4579 911 4646 vitiosa
931 4578 1105 4665 videretur,
1127 4589 1162 4646 ut
1181 4601 1222 4646 ne
1242 4580 1455 4648 acerbissimis
1477 4579 1615 4669 quidem,
1638 4605 1719 4671 quae
1743 4595 1817 4670 atra

1614 4719 1626 4759 Ι
